[
    {
        "date": "1579279230", 
        "tid": "14383770", 
        "price": "120500000", 
        "type": "sell", 
        "amount": "0.00047467"
    }, 
    {
        "date": "1579279178", 
        "tid": "14383769", 
        "price": "120781000", 
        "type": "buy", 
        "amount": "0.05139607"
    }, 
    {
        "date": "1579279178", 
        "tid": "14383768", 
        "price": "120751000", 
        "type": "buy", 
        "amount": "0.03538660"
    }, 
    {
        "date": "1579279178", 
        "tid": "14383767", 
        "price": "120750000", 
        "type": "buy", 
        "amount": "0.00050472"
    }, 
    {
        "date": "1579279178", 
        "tid": "14383766", 
        "price": "120702000", 
        "type": "buy", 
        "amount": "0.00171384"
    }, 
    {
        "date": "1579279178", 
        "tid": "14383765", 
        "price": "120700000", 
        "type": "buy", 
        "amount": "0.00421402"
    }, 
    {
        "date": "1579279178", 
        "tid": "14383764", 
        "price": "120683000", 
        "type": "buy", 
        "amount": "0.02275975"
    }, 
    {
        "date": "1579279178", 
        "tid": "14383763", 
        "price": "120681000", 
        "type": "buy", 
        "amount": "0.00094425"
    }, 
    {
        "date": "1579279178", 
        "tid": "14383762", 
        "price": "120670000", 
        "type": "buy", 
        "amount": "0.00067890"
    }, 
    {
        "date": "1579279178", 
        "tid": "14383761", 
        "price": "120661000", 
        "type": "buy", 
        "amount": "0.00466433"
    }, 
    {
        "date": "1579279178", 
        "tid": "14383760", 
        "price": "120645000", 
        "type": "buy", 
        "amount": "0.06250000"
    }, 
    {
        "date": "1579279178", 
        "tid": "14383759", 
        "price": "120632000", 
        "type": "buy", 
        "amount": "0.00044034"
    }, 
    {
        "date": "1579279178", 
        "tid": "14383758", 
        "price": "120617000", 
        "type": "buy", 
        "amount": "0.00112200"
    }, 
    {
        "date": "1579279178", 
        "tid": "14383757", 
        "price": "120612000", 
        "type": "buy", 
        "amount": "0.00244472"
    }, 
    {
        "date": "1579279178", 
        "tid": "14383756", 
        "price": "120568000", 
        "type": "buy", 
        "amount": "0.13974115"
    }, 
    {
        "date": "1579279178", 
        "tid": "14383755", 
        "price": "120567000", 
        "type": "buy", 
        "amount": "0.00794418"
    }, 
    {
        "date": "1579279178", 
        "tid": "14383754", 
        "price": "120565000", 
        "type": "buy", 
        "amount": "0.00128751"
    }, 
    {
        "date": "1579279178", 
        "tid": "14383753", 
        "price": "120513000", 
        "type": "buy", 
        "amount": "0.00076830"
    }, 
    {
        "date": "1579279178", 
        "tid": "14383752", 
        "price": "120500000", 
        "type": "buy", 
        "amount": "0.00319841"
    }, 
    {
        "date": "1579279178", 
        "tid": "14383751", 
        "price": "120492000", 
        "type": "buy", 
        "amount": "0.00800251"
    }, 
    {
        "date": "1579279178", 
        "tid": "14383750", 
        "price": "120491000", 
        "type": "buy", 
        "amount": "0.00693217"
    }, 
    {
        "date": "1579279178", 
        "tid": "14383749", 
        "price": "120484000", 
        "type": "buy", 
        "amount": "0.00084348"
    }, 
    {
        "date": "1579279178", 
        "tid": "14383748", 
        "price": "120455000", 
        "type": "buy", 
        "amount": "0.00369124"
    }, 
    {
        "date": "1579279178", 
        "tid": "14383747", 
        "price": "120409000", 
        "type": "buy", 
        "amount": "0.00422293"
    }, 
    {
        "date": "1579279178", 
        "tid": "14383746", 
        "price": "120408000", 
        "type": "buy", 
        "amount": "0.00244472"
    }, 
    {
        "date": "1579279178", 
        "tid": "14383745", 
        "price": "120392000", 
        "type": "buy", 
        "amount": "0.00112200"
    }, 
    {
        "date": "1579279178", 
        "tid": "14383744", 
        "price": "120384000", 
        "type": "buy", 
        "amount": "0.00053671"
    }, 
    {
        "date": "1579279178", 
        "tid": "14383743", 
        "price": "120368000", 
        "type": "buy", 
        "amount": "0.00520983"
    }, 
    {
        "date": "1579279178", 
        "tid": "14383742", 
        "price": "120353000", 
        "type": "buy", 
        "amount": "0.00115351"
    }, 
    {
        "date": "1579279178", 
        "tid": "14383741", 
        "price": "120351000", 
        "type": "buy", 
        "amount": "0.00067890"
    }, 
    {
        "date": "1579279178", 
        "tid": "14383740", 
        "price": "120330000", 
        "type": "buy", 
        "amount": "0.00074470"
    }, 
    {
        "date": "1579279178", 
        "tid": "14383739", 
        "price": "120267000", 
        "type": "buy", 
        "amount": "0.00044034"
    }, 
    {
        "date": "1579279178", 
        "tid": "14383738", 
        "price": "120251000", 
        "type": "buy", 
        "amount": "0.03737991"
    }, 
    {
        "date": "1579279178", 
        "tid": "14383737", 
        "price": "120250000", 
        "type": "buy", 
        "amount": "0.00655797"
    }, 
    {
        "date": "1579279176", 
        "tid": "14383736", 
        "price": "120249000", 
        "type": "sell", 
        "amount": "0.00284448"
    }, 
    {
        "date": "1579279153", 
        "tid": "14383735", 
        "price": "120249000", 
        "type": "sell", 
        "amount": "0.00706937"
    }, 
    {
        "date": "1579279133", 
        "tid": "14383734", 
        "price": "120249000", 
        "type": "sell", 
        "amount": "0.00083470"
    }, 
    {
        "date": "1579279089", 
        "tid": "14383733", 
        "price": "120231000", 
        "type": "buy", 
        "amount": "0.00407432"
    }, 
    {
        "date": "1579279079", 
        "tid": "14383732", 
        "price": "120230000", 
        "type": "sell", 
        "amount": "0.00125938"
    }, 
    {
        "date": "1579279075", 
        "tid": "14383731", 
        "price": "120230000", 
        "type": "sell", 
        "amount": "0.00604586"
    }, 
    {
        "date": "1579279051", 
        "tid": "14383730", 
        "price": "120231000", 
        "type": "buy", 
        "amount": "0.00094553"
    }, 
    {
        "date": "1579279051", 
        "tid": "14383729", 
        "price": "120204000", 
        "type": "buy", 
        "amount": "0.00244472"
    }, 
    {
        "date": "1579279028", 
        "tid": "14383728", 
        "price": "120166000", 
        "type": "buy", 
        "amount": "0.00112200"
    }, 
    {
        "date": "1579279020", 
        "tid": "14383727", 
        "price": "120155000", 
        "type": "buy", 
        "amount": "0.08656340"
    }, 
    {
        "date": "1579278999", 
        "tid": "14383726", 
        "price": "120155000", 
        "type": "buy", 
        "amount": "0.06024018"
    }, 
    {
        "date": "1579278954", 
        "tid": "14383725", 
        "price": "120155000", 
        "type": "buy", 
        "amount": "0.10040031"
    }, 
    {
        "date": "1579278940", 
        "tid": "14383724", 
        "price": "120155000", 
        "type": "buy", 
        "amount": "0.16064050"
    }, 
    {
        "date": "1579278912", 
        "tid": "14383723", 
        "price": "120155000", 
        "type": "buy", 
        "amount": "0.01074522"
    }, 
    {
        "date": "1579278912", 
        "tid": "14383722", 
        "price": "120154000", 
        "type": "buy", 
        "amount": "0.00087156"
    }, 
    {
        "date": "1579278835", 
        "tid": "14383721", 
        "price": "120161000", 
        "type": "buy", 
        "amount": "0.00645909"
    }, 
    {
        "date": "1579278736", 
        "tid": "14383720", 
        "price": "120105000", 
        "type": "sell", 
        "amount": "0.00050000"
    }, 
    {
        "date": "1579278728", 
        "tid": "14383719", 
        "price": "120161000", 
        "type": "buy", 
        "amount": "0.00082972"
    }, 
    {
        "date": "1579278678", 
        "tid": "14383718", 
        "price": "120105000", 
        "type": "sell", 
        "amount": "0.00367982"
    }, 
    {
        "date": "1579278631", 
        "tid": "14383717", 
        "price": "120163000", 
        "type": "buy", 
        "amount": "0.00221534"
    }, 
    {
        "date": "1579278619", 
        "tid": "14383716", 
        "price": "120160000", 
        "type": "buy", 
        "amount": "0.23336902"
    }, 
    {
        "date": "1579278610", 
        "tid": "14383715", 
        "price": "120104000", 
        "type": "sell", 
        "amount": "0.00063479"
    }, 
    {
        "date": "1579278565", 
        "tid": "14383714", 
        "price": "120160000", 
        "type": "buy", 
        "amount": "0.00435003"
    }, 
    {
        "date": "1579278564", 
        "tid": "14383713", 
        "price": "120160000", 
        "type": "buy", 
        "amount": "0.00304502"
    }, 
    {
        "date": "1579278564", 
        "tid": "14383712", 
        "price": "120160000", 
        "type": "buy", 
        "amount": "0.00174001"
    }, 
    {
        "date": "1579278559", 
        "tid": "14383711", 
        "price": "120160000", 
        "type": "buy", 
        "amount": "0.00841464"
    }, 
    {
        "date": "1579278558", 
        "tid": "14383710", 
        "price": "120162000", 
        "type": "sell", 
        "amount": "0.00369704"
    }, 
    {
        "date": "1579278554", 
        "tid": "14383709", 
        "price": "120162000", 
        "type": "sell", 
        "amount": "0.00091920"
    }, 
    {
        "date": "1579278530", 
        "tid": "14383708", 
        "price": "120162000", 
        "type": "sell", 
        "amount": "0.00616481"
    }, 
    {
        "date": "1579278437", 
        "tid": "14383707", 
        "price": "120163000", 
        "type": "buy", 
        "amount": "0.01290470"
    }, 
    {
        "date": "1579278406", 
        "tid": "14383706", 
        "price": "120163000", 
        "type": "buy", 
        "amount": "0.01070741"
    }, 
    {
        "date": "1579278385", 
        "tid": "14383705", 
        "price": "120162000", 
        "type": "sell", 
        "amount": "0.00119899"
    }, 
    {
        "date": "1579278346", 
        "tid": "14383704", 
        "price": "120162000", 
        "type": "sell", 
        "amount": "0.08008108"
    }, 
    {
        "date": "1579278346", 
        "tid": "14383703", 
        "price": "120162000", 
        "type": "sell", 
        "amount": "0.00085464"
    }, 
    {
        "date": "1579278286", 
        "tid": "14383702", 
        "price": "120163000", 
        "type": "buy", 
        "amount": "0.00271377"
    }, 
    {
        "date": "1579278251", 
        "tid": "14383701", 
        "price": "120163000", 
        "type": "buy", 
        "amount": "0.00193323"
    }, 
    {
        "date": "1579278241", 
        "tid": "14383700", 
        "price": "120163000", 
        "type": "sell", 
        "amount": "0.13381844"
    }, 
    {
        "date": "1579278237", 
        "tid": "14383699", 
        "price": "120164000", 
        "type": "buy", 
        "amount": "0.00082970"
    }, 
    {
        "date": "1579278215", 
        "tid": "14383698", 
        "price": "120164000", 
        "type": "buy", 
        "amount": "0.00414853"
    }, 
    {
        "date": "1579278158", 
        "tid": "14383697", 
        "price": "120164000", 
        "type": "buy", 
        "amount": "0.01244560"
    }, 
    {
        "date": "1579278153", 
        "tid": "14383696", 
        "price": "120044000", 
        "type": "sell", 
        "amount": "0.00794418"
    }, 
    {
        "date": "1579278134", 
        "tid": "14383695", 
        "price": "120041000", 
        "type": "sell", 
        "amount": "0.03787500"
    }, 
    {
        "date": "1579278055", 
        "tid": "14383694", 
        "price": "120142000", 
        "type": "buy", 
        "amount": "0.13687733"
    }, 
    {
        "date": "1579278055", 
        "tid": "14383693", 
        "price": "120130000", 
        "type": "buy", 
        "amount": "0.00191709"
    }, 
    {
        "date": "1579278055", 
        "tid": "14383692", 
        "price": "120106000", 
        "type": "buy", 
        "amount": "0.01704763"
    }, 
    {
        "date": "1579278055", 
        "tid": "14383691", 
        "price": "120100000", 
        "type": "buy", 
        "amount": "0.00400000"
    }, 
    {
        "date": "1579278055", 
        "tid": "14383690", 
        "price": "120094000", 
        "type": "buy", 
        "amount": "0.00074470"
    }, 
    {
        "date": "1579278055", 
        "tid": "14383689", 
        "price": "120032000", 
        "type": "buy", 
        "amount": "0.00539754"
    }, 
    {
        "date": "1579277936", 
        "tid": "14383688", 
        "price": "120005000", 
        "type": "buy", 
        "amount": "0.08347106"
    }, 
    {
        "date": "1579277936", 
        "tid": "14383687", 
        "price": "120000000", 
        "type": "buy", 
        "amount": "0.01483045"
    }, 
    {
        "date": "1579277890", 
        "tid": "14383686", 
        "price": "120000000", 
        "type": "buy", 
        "amount": "0.02223841"
    }, 
    {
        "date": "1579277888", 
        "tid": "14383685", 
        "price": "119999000", 
        "type": "sell", 
        "amount": "0.00097042"
    }, 
    {
        "date": "1579277844", 
        "tid": "14383684", 
        "price": "120000000", 
        "type": "buy", 
        "amount": "0.69447543"
    }, 
    {
        "date": "1579277799", 
        "tid": "14383683", 
        "price": "119999000", 
        "type": "sell", 
        "amount": "0.00617606"
    }, 
    {
        "date": "1579277742", 
        "tid": "14383682", 
        "price": "120000000", 
        "type": "buy", 
        "amount": "0.00174209"
    }, 
    {
        "date": "1579277708", 
        "tid": "14383681", 
        "price": "120000000", 
        "type": "buy", 
        "amount": "0.00048437"
    }, 
    {
        "date": "1579277700", 
        "tid": "14383680", 
        "price": "119999000", 
        "type": "sell", 
        "amount": "0.01747202"
    }, 
    {
        "date": "1579277461", 
        "tid": "14383679", 
        "price": "120000000", 
        "type": "buy", 
        "amount": "0.00042373"
    }, 
    {
        "date": "1579277275", 
        "tid": "14383678", 
        "price": "120000000", 
        "type": "buy", 
        "amount": "0.01255377"
    }, 
    {
        "date": "1579277267", 
        "tid": "14383677", 
        "price": "120000000", 
        "type": "buy", 
        "amount": "0.01514271"
    }, 
    {
        "date": "1579277267", 
        "tid": "14383676", 
        "price": "119999000", 
        "type": "sell", 
        "amount": "0.08327977"
    }, 
    {
        "date": "1579277187", 
        "tid": "14383675", 
        "price": "119999000", 
        "type": "sell", 
        "amount": "0.00042000"
    }, 
    {
        "date": "1579277172", 
        "tid": "14383674", 
        "price": "120000000", 
        "type": "buy", 
        "amount": "0.00747839"
    }, 
    {
        "date": "1579277122", 
        "tid": "14383673", 
        "price": "119999000", 
        "type": "sell", 
        "amount": "0.01290663"
    }, 
    {
        "date": "1579277114", 
        "tid": "14383672", 
        "price": "119999000", 
        "type": "sell", 
        "amount": "0.00774137"
    }, 
    {
        "date": "1579277085", 
        "tid": "14383671", 
        "price": "120000000", 
        "type": "buy", 
        "amount": "0.08308410"
    }, 
    {
        "date": "1579277050", 
        "tid": "14383670", 
        "price": "119999000", 
        "type": "sell", 
        "amount": "0.01287247"
    }, 
    {
        "date": "1579277040", 
        "tid": "14383669", 
        "price": "119999000", 
        "type": "sell", 
        "amount": "0.01403390"
    }, 
    {
        "date": "1579277029", 
        "tid": "14383668", 
        "price": "119998000", 
        "type": "buy", 
        "amount": "0.00499174"
    }, 
    {
        "date": "1579277029", 
        "tid": "14383667", 
        "price": "119997000", 
        "type": "buy", 
        "amount": "0.00218176"
    }, 
    {
        "date": "1579277029", 
        "tid": "14383666", 
        "price": "119996000", 
        "type": "buy", 
        "amount": "0.00152725"
    }, 
    {
        "date": "1579277029", 
        "tid": "14383665", 
        "price": "119995000", 
        "type": "buy", 
        "amount": "0.00087272"
    }, 
    {
        "date": "1579277029", 
        "tid": "14383664", 
        "price": "119870000", 
        "type": "buy", 
        "amount": "0.00014150"
    }, 
    {
        "date": "1579277022", 
        "tid": "14383663", 
        "price": "119871000", 
        "type": "sell", 
        "amount": "0.00042545"
    }, 
    {
        "date": "1579277018", 
        "tid": "14383662", 
        "price": "119857000", 
        "type": "sell", 
        "amount": "0.01343951"
    }, 
    {
        "date": "1579277018", 
        "tid": "14383661", 
        "price": "119860000", 
        "type": "sell", 
        "amount": "0.00083430"
    }, 
    {
        "date": "1579277018", 
        "tid": "14383660", 
        "price": "119870000", 
        "type": "sell", 
        "amount": "0.00083423"
    }, 
    {
        "date": "1579277008", 
        "tid": "14383659", 
        "price": "120000000", 
        "type": "buy", 
        "amount": "0.00003271"
    }, 
    {
        "date": "1579277008", 
        "tid": "14383658", 
        "price": "119999000", 
        "type": "buy", 
        "amount": "0.00453697"
    }, 
    {
        "date": "1579277001", 
        "tid": "14383657", 
        "price": "119871000", 
        "type": "sell", 
        "amount": "0.00503562"
    }, 
    {
        "date": "1579276960", 
        "tid": "14383656", 
        "price": "119999000", 
        "type": "buy", 
        "amount": "0.00704104"
    }, 
    {
        "date": "1579276919", 
        "tid": "14383655", 
        "price": "119854000", 
        "type": "sell", 
        "amount": "0.00196931"
    }, 
    {
        "date": "1579276919", 
        "tid": "14383654", 
        "price": "119855000", 
        "type": "sell", 
        "amount": "0.00174967"
    }, 
    {
        "date": "1579276895", 
        "tid": "14383653", 
        "price": "119855000", 
        "type": "sell", 
        "amount": "0.00983263"
    }, 
    {
        "date": "1579276827", 
        "tid": "14383652", 
        "price": "119853000", 
        "type": "sell", 
        "amount": "0.00480838"
    }, 
    {
        "date": "1579276774", 
        "tid": "14383651", 
        "price": "119995000", 
        "type": "buy", 
        "amount": "0.00045973"
    }, 
    {
        "date": "1579276727", 
        "tid": "14383650", 
        "price": "119980000", 
        "type": "sell", 
        "amount": "0.00364742"
    }, 
    {
        "date": "1579276696", 
        "tid": "14383649", 
        "price": "119980000", 
        "type": "sell", 
        "amount": "0.07399238"
    }, 
    {
        "date": "1579276696", 
        "tid": "14383648", 
        "price": "119998000", 
        "type": "sell", 
        "amount": "0.21700152"
    }, 
    {
        "date": "1579276655", 
        "tid": "14383647", 
        "price": "120000000", 
        "type": "buy", 
        "amount": "0.00971016"
    }, 
    {
        "date": "1579276655", 
        "tid": "14383646", 
        "price": "119999000", 
        "type": "buy", 
        "amount": "0.04720288"
    }, 
    {
        "date": "1579276618", 
        "tid": "14383645", 
        "price": "119999000", 
        "type": "buy", 
        "amount": "0.00042373"
    }, 
    {
        "date": "1579276615", 
        "tid": "14383644", 
        "price": "119999000", 
        "type": "buy", 
        "amount": "0.00052027"
    }, 
    {
        "date": "1579276610", 
        "tid": "14383643", 
        "price": "119999000", 
        "type": "buy", 
        "amount": "0.00042373"
    }, 
    {
        "date": "1579276588", 
        "tid": "14383642", 
        "price": "119999000", 
        "type": "buy", 
        "amount": "0.00625920"
    }, 
    {
        "date": "1579276520", 
        "tid": "14383641", 
        "price": "119999000", 
        "type": "buy", 
        "amount": "0.00876087"
    }, 
    {
        "date": "1579276427", 
        "tid": "14383640", 
        "price": "119999000", 
        "type": "buy", 
        "amount": "0.00042373"
    }, 
    {
        "date": "1579276403", 
        "tid": "14383639", 
        "price": "119999000", 
        "type": "buy", 
        "amount": "0.00332339"
    }, 
    {
        "date": "1579276304", 
        "tid": "14383638", 
        "price": "119999000", 
        "type": "buy", 
        "amount": "0.01200120"
    }, 
    {
        "date": "1579276293", 
        "tid": "14383637", 
        "price": "119999000", 
        "type": "buy", 
        "amount": "0.01134201"
    }, 
    {
        "date": "1579276293", 
        "tid": "14383636", 
        "price": "119991000", 
        "type": "buy", 
        "amount": "0.00141181"
    }, 
    {
        "date": "1579276293", 
        "tid": "14383635", 
        "price": "119990000", 
        "type": "buy", 
        "amount": "0.00204086"
    }, 
    {
        "date": "1579276260", 
        "tid": "14383634", 
        "price": "119988000", 
        "type": "buy", 
        "amount": "0.07008172"
    }, 
    {
        "date": "1579276260", 
        "tid": "14383633", 
        "price": "119987000", 
        "type": "buy", 
        "amount": "0.00544269"
    }, 
    {
        "date": "1579276260", 
        "tid": "14383632", 
        "price": "119986000", 
        "type": "buy", 
        "amount": "0.00448787"
    }, 
    {
        "date": "1579276260", 
        "tid": "14383631", 
        "price": "119985000", 
        "type": "buy", 
        "amount": "0.16155201"
    }, 
    {
        "date": "1579276260", 
        "tid": "14383630", 
        "price": "119984000", 
        "type": "buy", 
        "amount": "0.00315106"
    }, 
    {
        "date": "1579276260", 
        "tid": "14383629", 
        "price": "119983000", 
        "type": "buy", 
        "amount": "0.00921257"
    }, 
    {
        "date": "1579276241", 
        "tid": "14383628", 
        "price": "119983000", 
        "type": "buy", 
        "amount": "0.00425106"
    }, 
    {
        "date": "1579276241", 
        "tid": "14383627", 
        "price": "119952000", 
        "type": "buy", 
        "amount": "0.01039560"
    }, 
    {
        "date": "1579276239", 
        "tid": "14383626", 
        "price": "119942000", 
        "type": "buy", 
        "amount": "0.00470502"
    }, 
    {
        "date": "1579276226", 
        "tid": "14383625", 
        "price": "119837000", 
        "type": "sell", 
        "amount": "0.00941700"
    }, 
    {
        "date": "1579276214", 
        "tid": "14383624", 
        "price": "119833000", 
        "type": "sell", 
        "amount": "0.13270748"
    }, 
    {
        "date": "1579276088", 
        "tid": "14383623", 
        "price": "119819000", 
        "type": "sell", 
        "amount": "0.02949555"
    }, 
    {
        "date": "1579276062", 
        "tid": "14383622", 
        "price": "119818000", 
        "type": "sell", 
        "amount": "0.00492030"
    }, 
    {
        "date": "1579276051", 
        "tid": "14383621", 
        "price": "119816000", 
        "type": "sell", 
        "amount": "0.00424402"
    }
]