[
    {
        "date": "1579262749", 
        "tid": "14382936", 
        "price": "120455000", 
        "type": "sell", 
        "amount": "0.07000000"
    }, 
    {
        "date": "1579262684", 
        "tid": "14382935", 
        "price": "120455000", 
        "type": "sell", 
        "amount": "0.08000000"
    }, 
    {
        "date": "1579262635", 
        "tid": "14382934", 
        "price": "120455000", 
        "type": "sell", 
        "amount": "0.14000000"
    }, 
    {
        "date": "1579262566", 
        "tid": "14382933", 
        "price": "120455000", 
        "type": "sell", 
        "amount": "0.01069548"
    }, 
    {
        "date": "1579262566", 
        "tid": "14382932", 
        "price": "120460000", 
        "type": "sell", 
        "amount": "0.01818020"
    }, 
    {
        "date": "1579262546", 
        "tid": "14382931", 
        "price": "120461000", 
        "type": "sell", 
        "amount": "0.55785261"
    }, 
    {
        "date": "1579262546", 
        "tid": "14382930", 
        "price": "120480000", 
        "type": "sell", 
        "amount": "0.00830013"
    }, 
    {
        "date": "1579262546", 
        "tid": "14382929", 
        "price": "120498000", 
        "type": "sell", 
        "amount": "0.00363294"
    }, 
    {
        "date": "1579262546", 
        "tid": "14382928", 
        "price": "120500000", 
        "type": "sell", 
        "amount": "0.21955940"
    }, 
    {
        "date": "1579262546", 
        "tid": "14382927", 
        "price": "120501000", 
        "type": "sell", 
        "amount": "0.00088495"
    }, 
    {
        "date": "1579262546", 
        "tid": "14382926", 
        "price": "120513000", 
        "type": "sell", 
        "amount": "0.04225758"
    }, 
    {
        "date": "1579262546", 
        "tid": "14382925", 
        "price": "120514000", 
        "type": "sell", 
        "amount": "0.00331911"
    }, 
    {
        "date": "1579262546", 
        "tid": "14382924", 
        "price": "120550000", 
        "type": "sell", 
        "amount": "0.20264496"
    }, 
    {
        "date": "1579262546", 
        "tid": "14382923", 
        "price": "120565000", 
        "type": "sell", 
        "amount": "0.00074470"
    }, 
    {
        "date": "1579262546", 
        "tid": "14382922", 
        "price": "120573000", 
        "type": "sell", 
        "amount": "0.03492367"
    }, 
    {
        "date": "1579262546", 
        "tid": "14382921", 
        "price": "120574000", 
        "type": "sell", 
        "amount": "0.18649343"
    }, 
    {
        "date": "1579262546", 
        "tid": "14382920", 
        "price": "120600000", 
        "type": "sell", 
        "amount": "0.01382412"
    }, 
    {
        "date": "1579262546", 
        "tid": "14382919", 
        "price": "120612000", 
        "type": "sell", 
        "amount": "0.00244472"
    }, 
    {
        "date": "1579262546", 
        "tid": "14382918", 
        "price": "120617000", 
        "type": "sell", 
        "amount": "0.00112200"
    }, 
    {
        "date": "1579262546", 
        "tid": "14382917", 
        "price": "120620000", 
        "type": "sell", 
        "amount": "0.12435748"
    }, 
    {
        "date": "1579262546", 
        "tid": "14382916", 
        "price": "120700000", 
        "type": "sell", 
        "amount": "0.01423389"
    }, 
    {
        "date": "1579262546", 
        "tid": "14382915", 
        "price": "120750000", 
        "type": "sell", 
        "amount": "0.23709894"
    }, 
    {
        "date": "1579262518", 
        "tid": "14382914", 
        "price": "120750000", 
        "type": "sell", 
        "amount": "0.00686841"
    }, 
    {
        "date": "1579262443", 
        "tid": "14382913", 
        "price": "120750000", 
        "type": "sell", 
        "amount": "0.00438642"
    }, 
    {
        "date": "1579262423", 
        "tid": "14382912", 
        "price": "120934000", 
        "type": "buy", 
        "amount": "0.00343785"
    }, 
    {
        "date": "1579262413", 
        "tid": "14382911", 
        "price": "120750000", 
        "type": "sell", 
        "amount": "0.00826578"
    }, 
    {
        "date": "1579262389", 
        "tid": "14382910", 
        "price": "120935000", 
        "type": "buy", 
        "amount": "0.00281077"
    }, 
    {
        "date": "1579262325", 
        "tid": "14382909", 
        "price": "120943000", 
        "type": "sell", 
        "amount": "0.09125325"
    }, 
    {
        "date": "1579262318", 
        "tid": "14382908", 
        "price": "120943000", 
        "type": "sell", 
        "amount": "0.00056527"
    }, 
    {
        "date": "1579262302", 
        "tid": "14382907", 
        "price": "120943000", 
        "type": "sell", 
        "amount": "0.00287776"
    }, 
    {
        "date": "1579262291", 
        "tid": "14382906", 
        "price": "120954000", 
        "type": "buy", 
        "amount": "0.00213015"
    }, 
    {
        "date": "1579262289", 
        "tid": "14382905", 
        "price": "120943000", 
        "type": "sell", 
        "amount": "0.06000000"
    }, 
    {
        "date": "1579262283", 
        "tid": "14382904", 
        "price": "120943000", 
        "type": "sell", 
        "amount": "0.11000000"
    }, 
    {
        "date": "1579262274", 
        "tid": "14382903", 
        "price": "120943000", 
        "type": "sell", 
        "amount": "0.18000000"
    }, 
    {
        "date": "1579262267", 
        "tid": "14382902", 
        "price": "120960000", 
        "type": "buy", 
        "amount": "0.01498916"
    }, 
    {
        "date": "1579262266", 
        "tid": "14382901", 
        "price": "120943000", 
        "type": "sell", 
        "amount": "0.30000000"
    }, 
    {
        "date": "1579262260", 
        "tid": "14382900", 
        "price": "120961000", 
        "type": "buy", 
        "amount": "0.00374689"
    }, 
    {
        "date": "1579262259", 
        "tid": "14382899", 
        "price": "120961000", 
        "type": "buy", 
        "amount": "0.01498904"
    }, 
    {
        "date": "1579262247", 
        "tid": "14382898", 
        "price": "120965000", 
        "type": "buy", 
        "amount": "0.01498854"
    }, 
    {
        "date": "1579262231", 
        "tid": "14382897", 
        "price": "120968000", 
        "type": "buy", 
        "amount": "0.19780655"
    }, 
    {
        "date": "1579262230", 
        "tid": "14382896", 
        "price": "120943000", 
        "type": "sell", 
        "amount": "0.47000000"
    }, 
    {
        "date": "1579262230", 
        "tid": "14382895", 
        "price": "120943000", 
        "type": "sell", 
        "amount": "0.01441766"
    }, 
    {
        "date": "1579262230", 
        "tid": "14382894", 
        "price": "120944000", 
        "type": "sell", 
        "amount": "0.00558234"
    }, 
    {
        "date": "1579262213", 
        "tid": "14382893", 
        "price": "120972000", 
        "type": "buy", 
        "amount": "0.01498767"
    }, 
    {
        "date": "1579262195", 
        "tid": "14382892", 
        "price": "120972000", 
        "type": "buy", 
        "amount": "0.01498767"
    }, 
    {
        "date": "1579262187", 
        "tid": "14382891", 
        "price": "120973000", 
        "type": "buy", 
        "amount": "0.02816083"
    }, 
    {
        "date": "1579262187", 
        "tid": "14382890", 
        "price": "120943000", 
        "type": "sell", 
        "amount": "0.82000000"
    }, 
    {
        "date": "1579262180", 
        "tid": "14382889", 
        "price": "120943000", 
        "type": "sell", 
        "amount": "0.00834174"
    }, 
    {
        "date": "1579262171", 
        "tid": "14382888", 
        "price": "120945000", 
        "type": "buy", 
        "amount": "0.01499102"
    }, 
    {
        "date": "1579262157", 
        "tid": "14382887", 
        "price": "120945000", 
        "type": "buy", 
        "amount": "0.01481731"
    }, 
    {
        "date": "1579262157", 
        "tid": "14382886", 
        "price": "120944000", 
        "type": "buy", 
        "amount": "0.00017372"
    }, 
    {
        "date": "1579262153", 
        "tid": "14382885", 
        "price": "120944000", 
        "type": "buy", 
        "amount": "0.10794928"
    }, 
    {
        "date": "1579262112", 
        "tid": "14382884", 
        "price": "120944000", 
        "type": "buy", 
        "amount": "0.01499114"
    }, 
    {
        "date": "1579262097", 
        "tid": "14382883", 
        "price": "120944000", 
        "type": "buy", 
        "amount": "0.01447131"
    }, 
    {
        "date": "1579262097", 
        "tid": "14382882", 
        "price": "120857000", 
        "type": "buy", 
        "amount": "0.00052022"
    }, 
    {
        "date": "1579262073", 
        "tid": "14382881", 
        "price": "120946000", 
        "type": "buy", 
        "amount": "0.00748372"
    }, 
    {
        "date": "1579262073", 
        "tid": "14382880", 
        "price": "120843000", 
        "type": "buy", 
        "amount": "0.00095935"
    }, 
    {
        "date": "1579262051", 
        "tid": "14382879", 
        "price": "120951000", 
        "type": "buy", 
        "amount": "0.04935510"
    }, 
    {
        "date": "1579262051", 
        "tid": "14382878", 
        "price": "120857000", 
        "type": "buy", 
        "amount": "0.01655155"
    }, 
    {
        "date": "1579262051", 
        "tid": "14382877", 
        "price": "120843000", 
        "type": "buy", 
        "amount": "0.00005093"
    }, 
    {
        "date": "1579262039", 
        "tid": "14382876", 
        "price": "120843000", 
        "type": "buy", 
        "amount": "0.00107107"
    }, 
    {
        "date": "1579262039", 
        "tid": "14382875", 
        "price": "120816000", 
        "type": "buy", 
        "amount": "0.00244472"
    }, 
    {
        "date": "1579262039", 
        "tid": "14382874", 
        "price": "120701000", 
        "type": "buy", 
        "amount": "0.00754897"
    }, 
    {
        "date": "1579262001", 
        "tid": "14382873", 
        "price": "120600000", 
        "type": "sell", 
        "amount": "0.02763525"
    }, 
    {
        "date": "1579262001", 
        "tid": "14382872", 
        "price": "120612000", 
        "type": "sell", 
        "amount": "0.00244472"
    }, 
    {
        "date": "1579262001", 
        "tid": "14382871", 
        "price": "120617000", 
        "type": "sell", 
        "amount": "0.00112200"
    }, 
    {
        "date": "1579262001", 
        "tid": "14382870", 
        "price": "120618000", 
        "type": "sell", 
        "amount": "0.00041453"
    }, 
    {
        "date": "1579262001", 
        "tid": "14382869", 
        "price": "120681000", 
        "type": "sell", 
        "amount": "0.00829651"
    }, 
    {
        "date": "1579262001", 
        "tid": "14382868", 
        "price": "120684000", 
        "type": "sell", 
        "amount": "0.00828610"
    }, 
    {
        "date": "1579262001", 
        "tid": "14382867", 
        "price": "120690000", 
        "type": "sell", 
        "amount": "0.00095935"
    }, 
    {
        "date": "1579262001", 
        "tid": "14382866", 
        "price": "120700000", 
        "type": "sell", 
        "amount": "0.03428513"
    }, 
    {
        "date": "1579262001", 
        "tid": "14382865", 
        "price": "120857000", 
        "type": "buy", 
        "amount": "0.01500193"
    }, 
    {
        "date": "1579261976", 
        "tid": "14382864", 
        "price": "120847000", 
        "type": "buy", 
        "amount": "0.00050326"
    }, 
    {
        "date": "1579261949", 
        "tid": "14382863", 
        "price": "120851000", 
        "type": "buy", 
        "amount": "0.01395966"
    }, 
    {
        "date": "1579261949", 
        "tid": "14382862", 
        "price": "120816000", 
        "type": "buy", 
        "amount": "0.00440140"
    }, 
    {
        "date": "1579261949", 
        "tid": "14382861", 
        "price": "120719000", 
        "type": "buy", 
        "amount": "0.01051462"
    }, 
    {
        "date": "1579261862", 
        "tid": "14382860", 
        "price": "120700000", 
        "type": "sell", 
        "amount": "0.03000000"
    }, 
    {
        "date": "1579261853", 
        "tid": "14382859", 
        "price": "120700000", 
        "type": "sell", 
        "amount": "0.00199490"
    }, 
    {
        "date": "1579261853", 
        "tid": "14382858", 
        "price": "120708000", 
        "type": "sell", 
        "amount": "0.00834985"
    }, 
    {
        "date": "1579261853", 
        "tid": "14382857", 
        "price": "120709000", 
        "type": "sell", 
        "amount": "0.00173856"
    }, 
    {
        "date": "1579261853", 
        "tid": "14382856", 
        "price": "120718000", 
        "type": "sell", 
        "amount": "0.02691669"
    }, 
    {
        "date": "1579261853", 
        "tid": "14382855", 
        "price": "120720000", 
        "type": "sell", 
        "amount": "0.00100000"
    }, 
    {
        "date": "1579261852", 
        "tid": "14382854", 
        "price": "120826000", 
        "type": "buy", 
        "amount": "0.00825160"
    }, 
    {
        "date": "1579261845", 
        "tid": "14382853", 
        "price": "120828000", 
        "type": "buy", 
        "amount": "0.00042082"
    }, 
    {
        "date": "1579261845", 
        "tid": "14382852", 
        "price": "120718000", 
        "type": "sell", 
        "amount": "0.09000000"
    }, 
    {
        "date": "1579261827", 
        "tid": "14382851", 
        "price": "120718000", 
        "type": "sell", 
        "amount": "0.05379950"
    }, 
    {
        "date": "1579261827", 
        "tid": "14382850", 
        "price": "120719000", 
        "type": "sell", 
        "amount": "0.01620050"
    }, 
    {
        "date": "1579261763", 
        "tid": "14382849", 
        "price": "120854000", 
        "type": "buy", 
        "amount": "0.00309443"
    }, 
    {
        "date": "1579261763", 
        "tid": "14382848", 
        "price": "120791000", 
        "type": "buy", 
        "amount": "0.00477802"
    }, 
    {
        "date": "1579261763", 
        "tid": "14382847", 
        "price": "120790000", 
        "type": "buy", 
        "amount": "0.00057904"
    }, 
    {
        "date": "1579261722", 
        "tid": "14382846", 
        "price": "120790000", 
        "type": "buy", 
        "amount": "0.00042096"
    }, 
    {
        "date": "1579261706", 
        "tid": "14382845", 
        "price": "120791000", 
        "type": "buy", 
        "amount": "0.02535923"
    }, 
    {
        "date": "1579261692", 
        "tid": "14382844", 
        "price": "120718000", 
        "type": "sell", 
        "amount": "0.08000000"
    }, 
    {
        "date": "1579261673", 
        "tid": "14382843", 
        "price": "120856000", 
        "type": "sell", 
        "amount": "0.00042198"
    }, 
    {
        "date": "1579261636", 
        "tid": "14382842", 
        "price": "120718000", 
        "type": "sell", 
        "amount": "0.00083765"
    }, 
    {
        "date": "1579261633", 
        "tid": "14382841", 
        "price": "120718000", 
        "type": "sell", 
        "amount": "0.00209368"
    }, 
    {
        "date": "1579261628", 
        "tid": "14382840", 
        "price": "120718000", 
        "type": "sell", 
        "amount": "0.15559131"
    }, 
    {
        "date": "1579261628", 
        "tid": "14382839", 
        "price": "120719000", 
        "type": "sell", 
        "amount": "0.00110869"
    }, 
    {
        "date": "1579261560", 
        "tid": "14382838", 
        "price": "120718000", 
        "type": "sell", 
        "amount": "0.01660190"
    }, 
    {
        "date": "1579261543", 
        "tid": "14382837", 
        "price": "120857000", 
        "type": "buy", 
        "amount": "0.00055371"
    }, 
    {
        "date": "1579261540", 
        "tid": "14382836", 
        "price": "120857000", 
        "type": "buy", 
        "amount": "0.00055371"
    }, 
    {
        "date": "1579261528", 
        "tid": "14382835", 
        "price": "120718000", 
        "type": "sell", 
        "amount": "0.02976657"
    }, 
    {
        "date": "1579261528", 
        "tid": "14382834", 
        "price": "120720000", 
        "type": "sell", 
        "amount": "0.00061195"
    }, 
    {
        "date": "1579261528", 
        "tid": "14382833", 
        "price": "120759000", 
        "type": "sell", 
        "amount": "0.03825241"
    }, 
    {
        "date": "1579261528", 
        "tid": "14382832", 
        "price": "120765000", 
        "type": "sell", 
        "amount": "0.00082805"
    }, 
    {
        "date": "1579261528", 
        "tid": "14382831", 
        "price": "120778000", 
        "type": "sell", 
        "amount": "0.00050156"
    }, 
    {
        "date": "1579261528", 
        "tid": "14382830", 
        "price": "120800000", 
        "type": "sell", 
        "amount": "0.11003946"
    }, 
    {
        "date": "1579261527", 
        "tid": "14382829", 
        "price": "120800000", 
        "type": "sell", 
        "amount": "0.05000000"
    }, 
    {
        "date": "1579261525", 
        "tid": "14382828", 
        "price": "120800000", 
        "type": "sell", 
        "amount": "0.03000000"
    }, 
    {
        "date": "1579261514", 
        "tid": "14382827", 
        "price": "120858000", 
        "type": "buy", 
        "amount": "0.07836954"
    }, 
    {
        "date": "1579261502", 
        "tid": "14382826", 
        "price": "120800000", 
        "type": "sell", 
        "amount": "0.13000000"
    }, 
    {
        "date": "1579261492", 
        "tid": "14382825", 
        "price": "120858000", 
        "type": "buy", 
        "amount": "0.01945666"
    }, 
    {
        "date": "1579261480", 
        "tid": "14382824", 
        "price": "120800000", 
        "type": "sell", 
        "amount": "0.01394192"
    }, 
    {
        "date": "1579261480", 
        "tid": "14382823", 
        "price": "120801000", 
        "type": "sell", 
        "amount": "0.00389069"
    }, 
    {
        "date": "1579261479", 
        "tid": "14382822", 
        "price": "120803000", 
        "type": "sell", 
        "amount": "0.21216739"
    }, 
    {
        "date": "1579261477", 
        "tid": "14382821", 
        "price": "120803000", 
        "type": "sell", 
        "amount": "0.00743261"
    }, 
    {
        "date": "1579261477", 
        "tid": "14382820", 
        "price": "120804000", 
        "type": "sell", 
        "amount": "0.00645207"
    }, 
    {
        "date": "1579261441", 
        "tid": "14382819", 
        "price": "120804000", 
        "type": "sell", 
        "amount": "0.17683031"
    }, 
    {
        "date": "1579261434", 
        "tid": "14382818", 
        "price": "120804000", 
        "type": "sell", 
        "amount": "0.00174326"
    }, 
    {
        "date": "1579261434", 
        "tid": "14382817", 
        "price": "120885000", 
        "type": "sell", 
        "amount": "0.00057906"
    }, 
    {
        "date": "1579261434", 
        "tid": "14382816", 
        "price": "120958000", 
        "type": "sell", 
        "amount": "0.00204115"
    }, 
    {
        "date": "1579261427", 
        "tid": "14382815", 
        "price": "120958000", 
        "type": "sell", 
        "amount": "0.00003270"
    }, 
    {
        "date": "1579261427", 
        "tid": "14382814", 
        "price": "120959000", 
        "type": "sell", 
        "amount": "0.01169693"
    }, 
    {
        "date": "1579261354", 
        "tid": "14382813", 
        "price": "120959000", 
        "type": "sell", 
        "amount": "0.05857482"
    }, 
    {
        "date": "1579261354", 
        "tid": "14382812", 
        "price": "120960000", 
        "type": "sell", 
        "amount": "0.00267778"
    }, 
    {
        "date": "1579261354", 
        "tid": "14382811", 
        "price": "120965000", 
        "type": "sell", 
        "amount": "0.01444928"
    }, 
    {
        "date": "1579261323", 
        "tid": "14382810", 
        "price": "120976000", 
        "type": "buy", 
        "amount": "0.01123884"
    }, 
    {
        "date": "1579261192", 
        "tid": "14382809", 
        "price": "120965000", 
        "type": "sell", 
        "amount": "0.02311355"
    }, 
    {
        "date": "1579261178", 
        "tid": "14382808", 
        "price": "120976000", 
        "type": "buy", 
        "amount": "0.08241378"
    }, 
    {
        "date": "1579261175", 
        "tid": "14382807", 
        "price": "120976000", 
        "type": "buy", 
        "amount": "0.17039054"
    }, 
    {
        "date": "1579261175", 
        "tid": "14382806", 
        "price": "120975000", 
        "type": "buy", 
        "amount": "0.11231543"
    }, 
    {
        "date": "1579261175", 
        "tid": "14382805", 
        "price": "120969000", 
        "type": "buy", 
        "amount": "0.04952864"
    }, 
    {
        "date": "1579261150", 
        "tid": "14382804", 
        "price": "120969000", 
        "type": "buy", 
        "amount": "0.00258915"
    }, 
    {
        "date": "1579261139", 
        "tid": "14382803", 
        "price": "120965000", 
        "type": "sell", 
        "amount": "0.00158984"
    }, 
    {
        "date": "1579261133", 
        "tid": "14382802", 
        "price": "120967000", 
        "type": "sell", 
        "amount": "0.00474599"
    }, 
    {
        "date": "1579261037", 
        "tid": "14382801", 
        "price": "120965000", 
        "type": "sell", 
        "amount": "0.00048840"
    }, 
    {
        "date": "1579261015", 
        "tid": "14382800", 
        "price": "120965000", 
        "type": "sell", 
        "amount": "0.00756185"
    }, 
    {
        "date": "1579260888", 
        "tid": "14382799", 
        "price": "120965000", 
        "type": "sell", 
        "amount": "0.16491112"
    }, 
    {
        "date": "1579260888", 
        "tid": "14382798", 
        "price": "120968000", 
        "type": "sell", 
        "amount": "0.02456666"
    }, 
    {
        "date": "1579260879", 
        "tid": "14382797", 
        "price": "120976000", 
        "type": "buy", 
        "amount": "0.20626838"
    }, 
    {
        "date": "1579260843", 
        "tid": "14382796", 
        "price": "120968000", 
        "type": "sell", 
        "amount": "0.01676659"
    }, 
    {
        "date": "1579260843", 
        "tid": "14382795", 
        "price": "120970000", 
        "type": "sell", 
        "amount": "0.00078392"
    }, 
    {
        "date": "1579260770", 
        "tid": "14382794", 
        "price": "120976000", 
        "type": "buy", 
        "amount": "0.00363090"
    }, 
    {
        "date": "1579260740", 
        "tid": "14382793", 
        "price": "120965000", 
        "type": "sell", 
        "amount": "0.08087966"
    }, 
    {
        "date": "1579260735", 
        "tid": "14382792", 
        "price": "120976000", 
        "type": "buy", 
        "amount": "0.00041207"
    }, 
    {
        "date": "1579260730", 
        "tid": "14382791", 
        "price": "120965000", 
        "type": "sell", 
        "amount": "0.00089020"
    }, 
    {
        "date": "1579260724", 
        "tid": "14382790", 
        "price": "120965000", 
        "type": "sell", 
        "amount": "0.00350000"
    }, 
    {
        "date": "1579260719", 
        "tid": "14382789", 
        "price": "120976000", 
        "type": "buy", 
        "amount": "0.00121767"
    }, 
    {
        "date": "1579260699", 
        "tid": "14382788", 
        "price": "120965000", 
        "type": "sell", 
        "amount": "0.00180807"
    }, 
    {
        "date": "1579260699", 
        "tid": "14382787", 
        "price": "120975000", 
        "type": "sell", 
        "amount": "0.00027797"
    }
]