[
    {
        "date": "1579343415", 
        "tid": "14386436", 
        "price": "120200000", 
        "type": "buy", 
        "amount": "0.00145564"
    }, 
    {
        "date": "1579343414", 
        "tid": "14386435", 
        "price": "120200000", 
        "type": "buy", 
        "amount": "0.00364961"
    }, 
    {
        "date": "1579343411", 
        "tid": "14386434", 
        "price": "120200000", 
        "type": "buy", 
        "amount": "0.00364961"
    }, 
    {
        "date": "1579343403", 
        "tid": "14386433", 
        "price": "120199000", 
        "type": "buy", 
        "amount": "0.29035686"
    }, 
    {
        "date": "1579343230", 
        "tid": "14386432", 
        "price": "120193000", 
        "type": "sell", 
        "amount": "0.00500000"
    }, 
    {
        "date": "1579343217", 
        "tid": "14386431", 
        "price": "120193000", 
        "type": "sell", 
        "amount": "0.05427508"
    }, 
    {
        "date": "1579343186", 
        "tid": "14386430", 
        "price": "120193000", 
        "type": "sell", 
        "amount": "0.00107744"
    }, 
    {
        "date": "1579343127", 
        "tid": "14386429", 
        "price": "120199000", 
        "type": "buy", 
        "amount": "0.00165893"
    }, 
    {
        "date": "1579343023", 
        "tid": "14386428", 
        "price": "120199000", 
        "type": "buy", 
        "amount": "0.10548457"
    }, 
    {
        "date": "1579343004", 
        "tid": "14386427", 
        "price": "120199000", 
        "type": "buy", 
        "amount": "0.00182482"
    }, 
    {
        "date": "1579342911", 
        "tid": "14386426", 
        "price": "120199000", 
        "type": "buy", 
        "amount": "0.00042303"
    }, 
    {
        "date": "1579342832", 
        "tid": "14386425", 
        "price": "120199000", 
        "type": "buy", 
        "amount": "0.00124367"
    }, 
    {
        "date": "1579342832", 
        "tid": "14386424", 
        "price": "120196000", 
        "type": "buy", 
        "amount": "0.00034893"
    }, 
    {
        "date": "1579342815", 
        "tid": "14386423", 
        "price": "120193000", 
        "type": "sell", 
        "amount": "0.01239280"
    }, 
    {
        "date": "1579342815", 
        "tid": "14386422", 
        "price": "120194000", 
        "type": "sell", 
        "amount": "0.00327803"
    }, 
    {
        "date": "1579342815", 
        "tid": "14386421", 
        "price": "120195000", 
        "type": "sell", 
        "amount": "0.00223199"
    }, 
    {
        "date": "1579342797", 
        "tid": "14386420", 
        "price": "120196000", 
        "type": "buy", 
        "amount": "0.00715188"
    }, 
    {
        "date": "1579342687", 
        "tid": "14386419", 
        "price": "120195000", 
        "type": "buy", 
        "amount": "0.00026317"
    }, 
    {
        "date": "1579342661", 
        "tid": "14386418", 
        "price": "120195000", 
        "type": "sell", 
        "amount": "0.00026097"
    }, 
    {
        "date": "1579342620", 
        "tid": "14386417", 
        "price": "120195000", 
        "type": "sell", 
        "amount": "0.00022990"
    }, 
    {
        "date": "1579342620", 
        "tid": "14386416", 
        "price": "120198000", 
        "type": "sell", 
        "amount": "0.00042400"
    }, 
    {
        "date": "1579342491", 
        "tid": "14386415", 
        "price": "120199000", 
        "type": "buy", 
        "amount": "0.00078563"
    }, 
    {
        "date": "1579342401", 
        "tid": "14386414", 
        "price": "120199000", 
        "type": "buy", 
        "amount": "0.00121095"
    }, 
    {
        "date": "1579342290", 
        "tid": "14386413", 
        "price": "120198000", 
        "type": "sell", 
        "amount": "1.90405841"
    }, 
    {
        "date": "1579342134", 
        "tid": "14386412", 
        "price": "120198000", 
        "type": "sell", 
        "amount": "0.00053917"
    }, 
    {
        "date": "1579342122", 
        "tid": "14386411", 
        "price": "120199000", 
        "type": "sell", 
        "amount": "0.09184660"
    }, 
    {
        "date": "1579342081", 
        "tid": "14386410", 
        "price": "120200000", 
        "type": "buy", 
        "amount": "0.00124871"
    }, 
    {
        "date": "1579342001", 
        "tid": "14386409", 
        "price": "120200000", 
        "type": "buy", 
        "amount": "0.00661907"
    }, 
    {
        "date": "1579341991", 
        "tid": "14386408", 
        "price": "120200000", 
        "type": "buy", 
        "amount": "0.00077856"
    }, 
    {
        "date": "1579341986", 
        "tid": "14386407", 
        "price": "120200000", 
        "type": "buy", 
        "amount": "0.00760812"
    }, 
    {
        "date": "1579341978", 
        "tid": "14386406", 
        "price": "120199000", 
        "type": "sell", 
        "amount": "0.00498692"
    }, 
    {
        "date": "1579341960", 
        "tid": "14386405", 
        "price": "120200000", 
        "type": "buy", 
        "amount": "0.00760812"
    }, 
    {
        "date": "1579341936", 
        "tid": "14386404", 
        "price": "120199000", 
        "type": "sell", 
        "amount": "0.02950000"
    }, 
    {
        "date": "1579341931", 
        "tid": "14386403", 
        "price": "120199000", 
        "type": "sell", 
        "amount": "0.00167986"
    }, 
    {
        "date": "1579341917", 
        "tid": "14386402", 
        "price": "120199000", 
        "type": "sell", 
        "amount": "0.01000000"
    }, 
    {
        "date": "1579341870", 
        "tid": "14386401", 
        "price": "120199000", 
        "type": "sell", 
        "amount": "0.01129331"
    }, 
    {
        "date": "1579341429", 
        "tid": "14386400", 
        "price": "120200000", 
        "type": "buy", 
        "amount": "0.04458339"
    }, 
    {
        "date": "1579341407", 
        "tid": "14386399", 
        "price": "120200000", 
        "type": "buy", 
        "amount": "0.09538772"
    }, 
    {
        "date": "1579341374", 
        "tid": "14386398", 
        "price": "120199000", 
        "type": "sell", 
        "amount": "0.00588541"
    }, 
    {
        "date": "1579341331", 
        "tid": "14386397", 
        "price": "120199000", 
        "type": "sell", 
        "amount": "0.24000000"
    }, 
    {
        "date": "1579341328", 
        "tid": "14386396", 
        "price": "120199000", 
        "type": "sell", 
        "amount": "0.01450410"
    }, 
    {
        "date": "1579341327", 
        "tid": "14386395", 
        "price": "120200000", 
        "type": "buy", 
        "amount": "0.00760812"
    }, 
    {
        "date": "1579341313", 
        "tid": "14386394", 
        "price": "120200000", 
        "type": "buy", 
        "amount": "0.00760812"
    }, 
    {
        "date": "1579341275", 
        "tid": "14386393", 
        "price": "120199000", 
        "type": "sell", 
        "amount": "0.00239477"
    }, 
    {
        "date": "1579341275", 
        "tid": "14386392", 
        "price": "120199000", 
        "type": "sell", 
        "amount": "0.00383871"
    }, 
    {
        "date": "1579341271", 
        "tid": "14386391", 
        "price": "120199000", 
        "type": "sell", 
        "amount": "0.01499999"
    }, 
    {
        "date": "1579341269", 
        "tid": "14386390", 
        "price": "120200000", 
        "type": "buy", 
        "amount": "0.00760812"
    }, 
    {
        "date": "1579341254", 
        "tid": "14386389", 
        "price": "120200000", 
        "type": "buy", 
        "amount": "0.00760812"
    }, 
    {
        "date": "1579341234", 
        "tid": "14386388", 
        "price": "120200000", 
        "type": "buy", 
        "amount": "0.00760812"
    }, 
    {
        "date": "1579341217", 
        "tid": "14386387", 
        "price": "120200000", 
        "type": "buy", 
        "amount": "0.00760812"
    }, 
    {
        "date": "1579341208", 
        "tid": "14386386", 
        "price": "120200000", 
        "type": "buy", 
        "amount": "0.00760812"
    }, 
    {
        "date": "1579341186", 
        "tid": "14386385", 
        "price": "120199000", 
        "type": "sell", 
        "amount": "0.00121823"
    }, 
    {
        "date": "1579341116", 
        "tid": "14386384", 
        "price": "120200000", 
        "type": "buy", 
        "amount": "0.00792121"
    }, 
    {
        "date": "1579341073", 
        "tid": "14386383", 
        "price": "120200000", 
        "type": "buy", 
        "amount": "0.00082651"
    }, 
    {
        "date": "1579341052", 
        "tid": "14386382", 
        "price": "120200000", 
        "type": "buy", 
        "amount": "0.00042302"
    }, 
    {
        "date": "1579341041", 
        "tid": "14386381", 
        "price": "120200000", 
        "type": "buy", 
        "amount": "0.00124027"
    }, 
    {
        "date": "1579340904", 
        "tid": "14386380", 
        "price": "120199000", 
        "type": "buy", 
        "amount": "0.01394797"
    }, 
    {
        "date": "1579340886", 
        "tid": "14386379", 
        "price": "120199000", 
        "type": "buy", 
        "amount": "0.08300691"
    }, 
    {
        "date": "1579340886", 
        "tid": "14386378", 
        "price": "120196000", 
        "type": "buy", 
        "amount": "0.08179851"
    }, 
    {
        "date": "1579340886", 
        "tid": "14386377", 
        "price": "120195000", 
        "type": "buy", 
        "amount": "0.00087524"
    }, 
    {
        "date": "1579340886", 
        "tid": "14386376", 
        "price": "120194000", 
        "type": "buy", 
        "amount": "0.07871610"
    }, 
    {
        "date": "1579340809", 
        "tid": "14386375", 
        "price": "120102000", 
        "type": "sell", 
        "amount": "0.01051388"
    }, 
    {
        "date": "1579340758", 
        "tid": "14386374", 
        "price": "120196000", 
        "type": "buy", 
        "amount": "0.02293694"
    }, 
    {
        "date": "1579340758", 
        "tid": "14386373", 
        "price": "120195000", 
        "type": "buy", 
        "amount": "0.01524907"
    }, 
    {
        "date": "1579340758", 
        "tid": "14386372", 
        "price": "120194000", 
        "type": "buy", 
        "amount": "0.01505286"
    }, 
    {
        "date": "1579340758", 
        "tid": "14386371", 
        "price": "120156000", 
        "type": "buy", 
        "amount": "0.00561054"
    }, 
    {
        "date": "1579340737", 
        "tid": "14386370", 
        "price": "120156000", 
        "type": "buy", 
        "amount": "0.00517450"
    }, 
    {
        "date": "1579340717", 
        "tid": "14386369", 
        "price": "120156000", 
        "type": "buy", 
        "amount": "0.00417019"
    }, 
    {
        "date": "1579340717", 
        "tid": "14386368", 
        "price": "120103000", 
        "type": "buy", 
        "amount": "0.00344224"
    }, 
    {
        "date": "1579340704", 
        "tid": "14386367", 
        "price": "120102000", 
        "type": "sell", 
        "amount": "0.05500000"
    }, 
    {
        "date": "1579340623", 
        "tid": "14386366", 
        "price": "120103000", 
        "type": "sell", 
        "amount": "0.10638789"
    }, 
    {
        "date": "1579340623", 
        "tid": "14386365", 
        "price": "120142000", 
        "type": "sell", 
        "amount": "0.00049632"
    }, 
    {
        "date": "1579340623", 
        "tid": "14386364", 
        "price": "120145000", 
        "type": "sell", 
        "amount": "0.00074433"
    }, 
    {
        "date": "1579340623", 
        "tid": "14386363", 
        "price": "120155000", 
        "type": "sell", 
        "amount": "0.00166451"
    }, 
    {
        "date": "1579340599", 
        "tid": "14386362", 
        "price": "120194000", 
        "type": "buy", 
        "amount": "0.00320525"
    }, 
    {
        "date": "1579340599", 
        "tid": "14386361", 
        "price": "120191000", 
        "type": "buy", 
        "amount": "0.00047152"
    }, 
    {
        "date": "1579340523", 
        "tid": "14386360", 
        "price": "120156000", 
        "type": "sell", 
        "amount": "0.00053296"
    }, 
    {
        "date": "1579340447", 
        "tid": "14386359", 
        "price": "120194000", 
        "type": "buy", 
        "amount": "0.12442497"
    }, 
    {
        "date": "1579340426", 
        "tid": "14386358", 
        "price": "120156000", 
        "type": "sell", 
        "amount": "0.00645909"
    }, 
    {
        "date": "1579340363", 
        "tid": "14386357", 
        "price": "120195000", 
        "type": "buy", 
        "amount": "0.00217926"
    }, 
    {
        "date": "1579340328", 
        "tid": "14386356", 
        "price": "120195000", 
        "type": "buy", 
        "amount": "0.00050658"
    }, 
    {
        "date": "1579340276", 
        "tid": "14386355", 
        "price": "120195000", 
        "type": "buy", 
        "amount": "0.01658985"
    }, 
    {
        "date": "1579340224", 
        "tid": "14386354", 
        "price": "120195000", 
        "type": "buy", 
        "amount": "0.00088783"
    }, 
    {
        "date": "1579340208", 
        "tid": "14386353", 
        "price": "120195000", 
        "type": "buy", 
        "amount": "0.00826620"
    }, 
    {
        "date": "1579340043", 
        "tid": "14386352", 
        "price": "120198000", 
        "type": "sell", 
        "amount": "0.00184195"
    }, 
    {
        "date": "1579339966", 
        "tid": "14386351", 
        "price": "120199000", 
        "type": "sell", 
        "amount": "0.00087521"
    }, 
    {
        "date": "1579339963", 
        "tid": "14386350", 
        "price": "120199000", 
        "type": "sell", 
        "amount": "0.00218802"
    }, 
    {
        "date": "1579339962", 
        "tid": "14386349", 
        "price": "120198000", 
        "type": "sell", 
        "amount": "0.00153162"
    }, 
    {
        "date": "1579339962", 
        "tid": "14386348", 
        "price": "120198000", 
        "type": "sell", 
        "amount": "0.00087522"
    }, 
    {
        "date": "1579339961", 
        "tid": "14386347", 
        "price": "120198000", 
        "type": "buy", 
        "amount": "0.00456043"
    }, 
    {
        "date": "1579339844", 
        "tid": "14386346", 
        "price": "120198000", 
        "type": "buy", 
        "amount": "0.00033873"
    }, 
    {
        "date": "1579339844", 
        "tid": "14386345", 
        "price": "120197000", 
        "type": "buy", 
        "amount": "0.00008431"
    }, 
    {
        "date": "1579339841", 
        "tid": "14386344", 
        "price": "120197000", 
        "type": "buy", 
        "amount": "0.00144733"
    }, 
    {
        "date": "1579339841", 
        "tid": "14386343", 
        "price": "120196000", 
        "type": "buy", 
        "amount": "0.00087523"
    }, 
    {
        "date": "1579339838", 
        "tid": "14386342", 
        "price": "120201000", 
        "type": "buy", 
        "amount": "0.00144728"
    }, 
    {
        "date": "1579339838", 
        "tid": "14386341", 
        "price": "120200000", 
        "type": "buy", 
        "amount": "0.00087520"
    }, 
    {
        "date": "1579339824", 
        "tid": "14386340", 
        "price": "120148000", 
        "type": "sell", 
        "amount": "0.00341016"
    }, 
    {
        "date": "1579339824", 
        "tid": "14386339", 
        "price": "120199000", 
        "type": "sell", 
        "amount": "0.00082339"
    }, 
    {
        "date": "1579339696", 
        "tid": "14386338", 
        "price": "120201000", 
        "type": "buy", 
        "amount": "0.00034303"
    }, 
    {
        "date": "1579339696", 
        "tid": "14386337", 
        "price": "120200000", 
        "type": "buy", 
        "amount": "0.00087520"
    }, 
    {
        "date": "1579339689", 
        "tid": "14386336", 
        "price": "120196000", 
        "type": "sell", 
        "amount": "0.00113425"
    }, 
    {
        "date": "1579339689", 
        "tid": "14386335", 
        "price": "120197000", 
        "type": "sell", 
        "amount": "0.00544412"
    }, 
    {
        "date": "1579339689", 
        "tid": "14386334", 
        "price": "120198000", 
        "type": "sell", 
        "amount": "0.00418775"
    }, 
    {
        "date": "1579339689", 
        "tid": "14386333", 
        "price": "120199000", 
        "type": "sell", 
        "amount": "0.00293140"
    }, 
    {
        "date": "1579339689", 
        "tid": "14386332", 
        "price": "120200000", 
        "type": "sell", 
        "amount": "0.73194045"
    }, 
    {
        "date": "1579339625", 
        "tid": "14386331", 
        "price": "120200000", 
        "type": "sell", 
        "amount": "0.00093690"
    }, 
    {
        "date": "1579339572", 
        "tid": "14386330", 
        "price": "120201000", 
        "type": "buy", 
        "amount": "0.02479661"
    }, 
    {
        "date": "1579339379", 
        "tid": "14386329", 
        "price": "120200000", 
        "type": "sell", 
        "amount": "0.03897791"
    }, 
    {
        "date": "1579339340", 
        "tid": "14386328", 
        "price": "120240000", 
        "type": "buy", 
        "amount": "0.00098009"
    }, 
    {
        "date": "1579339288", 
        "tid": "14386327", 
        "price": "120200000", 
        "type": "sell", 
        "amount": "0.12333826"
    }, 
    {
        "date": "1579339284", 
        "tid": "14386326", 
        "price": "120240000", 
        "type": "buy", 
        "amount": "0.00616053"
    }, 
    {
        "date": "1579339243", 
        "tid": "14386325", 
        "price": "120240000", 
        "type": "buy", 
        "amount": "0.00532391"
    }, 
    {
        "date": "1579339227", 
        "tid": "14386324", 
        "price": "120240000", 
        "type": "buy", 
        "amount": "0.00849005"
    }, 
    {
        "date": "1579339227", 
        "tid": "14386323", 
        "price": "120217000", 
        "type": "buy", 
        "amount": "0.03000000"
    }, 
    {
        "date": "1579339212", 
        "tid": "14386322", 
        "price": "120197000", 
        "type": "buy", 
        "amount": "0.03867655"
    }, 
    {
        "date": "1579339166", 
        "tid": "14386321", 
        "price": "120197000", 
        "type": "buy", 
        "amount": "0.00495911"
    }, 
    {
        "date": "1579339054", 
        "tid": "14386320", 
        "price": "120196000", 
        "type": "buy", 
        "amount": "0.00049727"
    }, 
    {
        "date": "1579339053", 
        "tid": "14386319", 
        "price": "120196000", 
        "type": "buy", 
        "amount": "0.00049846"
    }, 
    {
        "date": "1579339034", 
        "tid": "14386318", 
        "price": "120006000", 
        "type": "sell", 
        "amount": "0.00050000"
    }, 
    {
        "date": "1579338961", 
        "tid": "14386317", 
        "price": "120196000", 
        "type": "buy", 
        "amount": "0.00762991"
    }, 
    {
        "date": "1579338915", 
        "tid": "14386316", 
        "price": "120000000", 
        "type": "sell", 
        "amount": "0.05533643"
    }, 
    {
        "date": "1579338915", 
        "tid": "14386315", 
        "price": "120001000", 
        "type": "sell", 
        "amount": "0.27639999"
    }, 
    {
        "date": "1579338915", 
        "tid": "14386314", 
        "price": "120149000", 
        "type": "sell", 
        "amount": "0.23326814"
    }, 
    {
        "date": "1579338915", 
        "tid": "14386313", 
        "price": "120195000", 
        "type": "sell", 
        "amount": "0.03419675"
    }, 
    {
        "date": "1579338915", 
        "tid": "14386312", 
        "price": "120196000", 
        "type": "sell", 
        "amount": "0.00079869"
    }, 
    {
        "date": "1579338847", 
        "tid": "14386311", 
        "price": "120198000", 
        "type": "buy", 
        "amount": "0.00366952"
    }, 
    {
        "date": "1579338843", 
        "tid": "14386310", 
        "price": "120200000", 
        "type": "sell", 
        "amount": "0.00430969"
    }, 
    {
        "date": "1579338843", 
        "tid": "14386309", 
        "price": "120201000", 
        "type": "sell", 
        "amount": "0.01077435"
    }, 
    {
        "date": "1579338776", 
        "tid": "14386308", 
        "price": "120200000", 
        "type": "buy", 
        "amount": "0.01609494"
    }, 
    {
        "date": "1579338776", 
        "tid": "14386307", 
        "price": "120197000", 
        "type": "buy", 
        "amount": "0.01220719"
    }, 
    {
        "date": "1579338713", 
        "tid": "14386306", 
        "price": "120196000", 
        "type": "sell", 
        "amount": "0.00125794"
    }, 
    {
        "date": "1579338693", 
        "tid": "14386305", 
        "price": "120196000", 
        "type": "sell", 
        "amount": "0.00116852"
    }, 
    {
        "date": "1579338666", 
        "tid": "14386304", 
        "price": "120195000", 
        "type": "sell", 
        "amount": "0.00041765"
    }, 
    {
        "date": "1579338517", 
        "tid": "14386303", 
        "price": "120200000", 
        "type": "buy", 
        "amount": "0.00094941"
    }, 
    {
        "date": "1579338431", 
        "tid": "14386302", 
        "price": "120195000", 
        "type": "buy", 
        "amount": "0.00502926"
    }, 
    {
        "date": "1579338431", 
        "tid": "14386301", 
        "price": "120193000", 
        "type": "buy", 
        "amount": "0.08402737"
    }, 
    {
        "date": "1579338431", 
        "tid": "14386300", 
        "price": "120175000", 
        "type": "buy", 
        "amount": "0.00085800"
    }, 
    {
        "date": "1579338337", 
        "tid": "14386299", 
        "price": "120180000", 
        "type": "buy", 
        "amount": "0.04115673"
    }, 
    {
        "date": "1579338337", 
        "tid": "14386298", 
        "price": "120167000", 
        "type": "buy", 
        "amount": "0.09988548"
    }, 
    {
        "date": "1579338199", 
        "tid": "14386297", 
        "price": "119987000", 
        "type": "sell", 
        "amount": "0.00085800"
    }, 
    {
        "date": "1579338168", 
        "tid": "14386296", 
        "price": "120178000", 
        "type": "buy", 
        "amount": "0.05079817"
    }, 
    {
        "date": "1579338167", 
        "tid": "14386295", 
        "price": "120150000", 
        "type": "buy", 
        "amount": "0.00141783"
    }, 
    {
        "date": "1579338154", 
        "tid": "14386294", 
        "price": "120150000", 
        "type": "buy", 
        "amount": "0.00022696"
    }, 
    {
        "date": "1579338154", 
        "tid": "14386293", 
        "price": "119990000", 
        "type": "buy", 
        "amount": "0.00068422"
    }, 
    {
        "date": "1579338130", 
        "tid": "14386292", 
        "price": "120150000", 
        "type": "buy", 
        "amount": "0.00077127"
    }, 
    {
        "date": "1579338107", 
        "tid": "14386291", 
        "price": "119989000", 
        "type": "sell", 
        "amount": "0.05790505"
    }, 
    {
        "date": "1579338107", 
        "tid": "14386290", 
        "price": "120094000", 
        "type": "sell", 
        "amount": "0.00195781"
    }, 
    {
        "date": "1579338065", 
        "tid": "14386289", 
        "price": "120094000", 
        "type": "sell", 
        "amount": "0.00150995"
    }, 
    {
        "date": "1579337987", 
        "tid": "14386288", 
        "price": "120150000", 
        "type": "buy", 
        "amount": "0.00181893"
    }, 
    {
        "date": "1579337929", 
        "tid": "14386287", 
        "price": "120150000", 
        "type": "buy", 
        "amount": "0.00407104"
    }
]