[
    {
        "date": "1579392787", 
        "tid": "14388382", 
        "price": "120553000", 
        "type": "sell", 
        "amount": "0.09984819"
    }, 
    {
        "date": "1579392779", 
        "tid": "14388381", 
        "price": "120554000", 
        "type": "sell", 
        "amount": "0.00071711"
    }, 
    {
        "date": "1579392773", 
        "tid": "14388380", 
        "price": "120554000", 
        "type": "sell", 
        "amount": "0.00275782"
    }, 
    {
        "date": "1579392732", 
        "tid": "14388379", 
        "price": "120553000", 
        "type": "sell", 
        "amount": "0.00787217"
    }, 
    {
        "date": "1579392732", 
        "tid": "14388378", 
        "price": "120565000", 
        "type": "sell", 
        "amount": "0.00074470"
    }, 
    {
        "date": "1579392732", 
        "tid": "14388377", 
        "price": "120574000", 
        "type": "sell", 
        "amount": "0.00077959"
    }, 
    {
        "date": "1579392732", 
        "tid": "14388376", 
        "price": "120617000", 
        "type": "sell", 
        "amount": "0.00112200"
    }, 
    {
        "date": "1579392732", 
        "tid": "14388375", 
        "price": "120659000", 
        "type": "sell", 
        "amount": "0.00077960"
    }, 
    {
        "date": "1579392732", 
        "tid": "14388374", 
        "price": "120747000", 
        "type": "sell", 
        "amount": "0.00414088"
    }, 
    {
        "date": "1579392731", 
        "tid": "14388373", 
        "price": "120748000", 
        "type": "buy", 
        "amount": "0.00250258"
    }, 
    {
        "date": "1579392717", 
        "tid": "14388372", 
        "price": "120748000", 
        "type": "buy", 
        "amount": "0.00422559"
    }, 
    {
        "date": "1579392717", 
        "tid": "14388371", 
        "price": "120744000", 
        "type": "buy", 
        "amount": "0.00077960"
    }, 
    {
        "date": "1579392709", 
        "tid": "14388370", 
        "price": "120863000", 
        "type": "buy", 
        "amount": "0.03517620"
    }, 
    {
        "date": "1579392709", 
        "tid": "14388369", 
        "price": "120843000", 
        "type": "buy", 
        "amount": "0.00112200"
    }, 
    {
        "date": "1579392709", 
        "tid": "14388368", 
        "price": "120801000", 
        "type": "buy", 
        "amount": "0.00074470"
    }, 
    {
        "date": "1579392709", 
        "tid": "14388367", 
        "price": "120727000", 
        "type": "buy", 
        "amount": "0.00441894"
    }, 
    {
        "date": "1579392709", 
        "tid": "14388366", 
        "price": "120659000", 
        "type": "buy", 
        "amount": "0.00077960"
    }, 
    {
        "date": "1579392696", 
        "tid": "14388365", 
        "price": "120550000", 
        "type": "sell", 
        "amount": "0.02005185"
    }, 
    {
        "date": "1579392696", 
        "tid": "14388364", 
        "price": "120552000", 
        "type": "sell", 
        "amount": "0.00414758"
    }, 
    {
        "date": "1579392696", 
        "tid": "14388363", 
        "price": "120565000", 
        "type": "sell", 
        "amount": "0.00074470"
    }, 
    {
        "date": "1579392696", 
        "tid": "14388362", 
        "price": "120574000", 
        "type": "sell", 
        "amount": "0.00077959"
    }, 
    {
        "date": "1579392696", 
        "tid": "14388361", 
        "price": "120579000", 
        "type": "sell", 
        "amount": "0.00374898"
    }, 
    {
        "date": "1579392696", 
        "tid": "14388360", 
        "price": "120617000", 
        "type": "sell", 
        "amount": "0.00112200"
    }, 
    {
        "date": "1579392696", 
        "tid": "14388359", 
        "price": "120659000", 
        "type": "sell", 
        "amount": "0.00077960"
    }, 
    {
        "date": "1579392696", 
        "tid": "14388358", 
        "price": "120660000", 
        "type": "sell", 
        "amount": "0.16030000"
    }, 
    {
        "date": "1579392696", 
        "tid": "14388357", 
        "price": "120744000", 
        "type": "sell", 
        "amount": "0.00077959"
    }, 
    {
        "date": "1579392660", 
        "tid": "14388356", 
        "price": "120863000", 
        "type": "buy", 
        "amount": "0.02000158"
    }, 
    {
        "date": "1579392652", 
        "tid": "14388355", 
        "price": "120863000", 
        "type": "buy", 
        "amount": "0.00500039"
    }, 
    {
        "date": "1579392644", 
        "tid": "14388354", 
        "price": "120862000", 
        "type": "buy", 
        "amount": "0.02053910"
    }, 
    {
        "date": "1579392644", 
        "tid": "14388353", 
        "price": "120861000", 
        "type": "buy", 
        "amount": "0.00702758"
    }, 
    {
        "date": "1579392644", 
        "tid": "14388352", 
        "price": "120860000", 
        "type": "buy", 
        "amount": "0.00532160"
    }, 
    {
        "date": "1579392644", 
        "tid": "14388351", 
        "price": "120859000", 
        "type": "buy", 
        "amount": "0.00219746"
    }, 
    {
        "date": "1579392644", 
        "tid": "14388350", 
        "price": "120858000", 
        "type": "buy", 
        "amount": "0.00153823"
    }, 
    {
        "date": "1579392644", 
        "tid": "14388349", 
        "price": "120857000", 
        "type": "buy", 
        "amount": "0.00087900"
    }, 
    {
        "date": "1579392644", 
        "tid": "14388348", 
        "price": "120843000", 
        "type": "buy", 
        "amount": "0.00112200"
    }, 
    {
        "date": "1579392644", 
        "tid": "14388347", 
        "price": "120829000", 
        "type": "buy", 
        "amount": "0.00077960"
    }, 
    {
        "date": "1579392644", 
        "tid": "14388346", 
        "price": "120820000", 
        "type": "buy", 
        "amount": "0.00121000"
    }, 
    {
        "date": "1579392644", 
        "tid": "14388345", 
        "price": "120763000", 
        "type": "buy", 
        "amount": "0.00114052"
    }, 
    {
        "date": "1579392644", 
        "tid": "14388344", 
        "price": "120750000", 
        "type": "buy", 
        "amount": "0.02077176"
    }, 
    {
        "date": "1579392626", 
        "tid": "14388343", 
        "price": "120750000", 
        "type": "buy", 
        "amount": "0.07557006"
    }, 
    {
        "date": "1579392612", 
        "tid": "14388342", 
        "price": "120750000", 
        "type": "buy", 
        "amount": "0.00957419"
    }, 
    {
        "date": "1579392591", 
        "tid": "14388341", 
        "price": "120750000", 
        "type": "buy", 
        "amount": "0.01937248"
    }, 
    {
        "date": "1579392591", 
        "tid": "14388340", 
        "price": "120744000", 
        "type": "buy", 
        "amount": "0.00077960"
    }, 
    {
        "date": "1579392536", 
        "tid": "14388339", 
        "price": "120579000", 
        "type": "sell", 
        "amount": "0.00570568"
    }, 
    {
        "date": "1579392536", 
        "tid": "14388338", 
        "price": "120581000", 
        "type": "sell", 
        "amount": "0.00471548"
    }, 
    {
        "date": "1579392536", 
        "tid": "14388337", 
        "price": "120613000", 
        "type": "sell", 
        "amount": "0.01178818"
    }, 
    {
        "date": "1579392536", 
        "tid": "14388336", 
        "price": "120617000", 
        "type": "sell", 
        "amount": "0.00112200"
    }, 
    {
        "date": "1579392536", 
        "tid": "14388335", 
        "price": "120619000", 
        "type": "sell", 
        "amount": "0.00256591"
    }, 
    {
        "date": "1579392536", 
        "tid": "14388334", 
        "price": "120620000", 
        "type": "sell", 
        "amount": "0.00702758"
    }, 
    {
        "date": "1579392536", 
        "tid": "14388333", 
        "price": "120623000", 
        "type": "sell", 
        "amount": "0.01223609"
    }, 
    {
        "date": "1579392536", 
        "tid": "14388332", 
        "price": "120632000", 
        "type": "sell", 
        "amount": "0.00873000"
    }, 
    {
        "date": "1579392536", 
        "tid": "14388331", 
        "price": "120659000", 
        "type": "sell", 
        "amount": "0.00077960"
    }, 
    {
        "date": "1579392536", 
        "tid": "14388330", 
        "price": "120670000", 
        "type": "sell", 
        "amount": "0.00067890"
    }, 
    {
        "date": "1579392536", 
        "tid": "14388329", 
        "price": "120700000", 
        "type": "sell", 
        "amount": "0.00826504"
    }, 
    {
        "date": "1579392536", 
        "tid": "14388328", 
        "price": "120714000", 
        "type": "sell", 
        "amount": "0.00246508"
    }, 
    {
        "date": "1579392536", 
        "tid": "14388327", 
        "price": "120744000", 
        "type": "sell", 
        "amount": "0.00077959"
    }, 
    {
        "date": "1579392536", 
        "tid": "14388326", 
        "price": "120750000", 
        "type": "sell", 
        "amount": "0.00474087"
    }, 
    {
        "date": "1579392472", 
        "tid": "14388325", 
        "price": "120750000", 
        "type": "sell", 
        "amount": "0.00169853"
    }, 
    {
        "date": "1579392462", 
        "tid": "14388324", 
        "price": "120750000", 
        "type": "sell", 
        "amount": "0.00284789"
    }, 
    {
        "date": "1579392462", 
        "tid": "14388323", 
        "price": "120762000", 
        "type": "sell", 
        "amount": "0.02460562"
    }, 
    {
        "date": "1579392448", 
        "tid": "14388322", 
        "price": "120762000", 
        "type": "sell", 
        "amount": "0.00774522"
    }, 
    {
        "date": "1579392378", 
        "tid": "14388321", 
        "price": "120868000", 
        "type": "buy", 
        "amount": "0.00432620"
    }, 
    {
        "date": "1579392378", 
        "tid": "14388320", 
        "price": "120867000", 
        "type": "buy", 
        "amount": "0.00351570"
    }, 
    {
        "date": "1579392378", 
        "tid": "14388319", 
        "price": "120866000", 
        "type": "buy", 
        "amount": "0.00285653"
    }, 
    {
        "date": "1579392378", 
        "tid": "14388318", 
        "price": "120865000", 
        "type": "buy", 
        "amount": "0.00219735"
    }, 
    {
        "date": "1579392378", 
        "tid": "14388317", 
        "price": "120864000", 
        "type": "buy", 
        "amount": "0.00153816"
    }, 
    {
        "date": "1579392378", 
        "tid": "14388316", 
        "price": "120863000", 
        "type": "buy", 
        "amount": "0.00087895"
    }, 
    {
        "date": "1579392378", 
        "tid": "14388315", 
        "price": "120820000", 
        "type": "buy", 
        "amount": "0.07880383"
    }, 
    {
        "date": "1579392340", 
        "tid": "14388314", 
        "price": "120841000", 
        "type": "buy", 
        "amount": "0.13233837"
    }, 
    {
        "date": "1579392340", 
        "tid": "14388313", 
        "price": "120840000", 
        "type": "buy", 
        "amount": "0.00705534"
    }, 
    {
        "date": "1579392297", 
        "tid": "14388312", 
        "price": "120762000", 
        "type": "sell", 
        "amount": "0.00126915"
    }, 
    {
        "date": "1579392199", 
        "tid": "14388311", 
        "price": "120762000", 
        "type": "sell", 
        "amount": "0.00165695"
    }, 
    {
        "date": "1579392199", 
        "tid": "14388310", 
        "price": "120829000", 
        "type": "sell", 
        "amount": "0.00077959"
    }, 
    {
        "date": "1579392199", 
        "tid": "14388309", 
        "price": "120840000", 
        "type": "sell", 
        "amount": "0.00607177"
    }, 
    {
        "date": "1579392172", 
        "tid": "14388308", 
        "price": "120841000", 
        "type": "buy", 
        "amount": "0.04739961"
    }, 
    {
        "date": "1579392116", 
        "tid": "14388307", 
        "price": "120840000", 
        "type": "sell", 
        "amount": "0.00078745"
    }, 
    {
        "date": "1579391964", 
        "tid": "14388306", 
        "price": "120918000", 
        "type": "buy", 
        "amount": "0.00080105"
    }, 
    {
        "date": "1579391914", 
        "tid": "14388305", 
        "price": "120840000", 
        "type": "sell", 
        "amount": "0.00536770"
    }, 
    {
        "date": "1579391914", 
        "tid": "14388304", 
        "price": "120845000", 
        "type": "sell", 
        "amount": "0.00118282"
    }, 
    {
        "date": "1579391914", 
        "tid": "14388303", 
        "price": "120890000", 
        "type": "sell", 
        "amount": "0.00144364"
    }, 
    {
        "date": "1579391914", 
        "tid": "14388302", 
        "price": "120914000", 
        "type": "sell", 
        "amount": "0.00077960"
    }, 
    {
        "date": "1579391914", 
        "tid": "14388301", 
        "price": "120918000", 
        "type": "sell", 
        "amount": "0.00246508"
    }, 
    {
        "date": "1579391913", 
        "tid": "14388300", 
        "price": "120919000", 
        "type": "buy", 
        "amount": "0.00081157"
    }, 
    {
        "date": "1579391760", 
        "tid": "14388299", 
        "price": "120935000", 
        "type": "buy", 
        "amount": "0.00240545"
    }, 
    {
        "date": "1579391676", 
        "tid": "14388298", 
        "price": "120939000", 
        "type": "sell", 
        "amount": "0.00295189"
    }, 
    {
        "date": "1579391335", 
        "tid": "14388297", 
        "price": "120988000", 
        "type": "sell", 
        "amount": "0.00076397"
    }, 
    {
        "date": "1579391061", 
        "tid": "14388296", 
        "price": "120989000", 
        "type": "buy", 
        "amount": "0.00833223"
    }, 
    {
        "date": "1579390878", 
        "tid": "14388295", 
        "price": "120989000", 
        "type": "buy", 
        "amount": "0.02769961"
    }, 
    {
        "date": "1579390825", 
        "tid": "14388294", 
        "price": "120989000", 
        "type": "buy", 
        "amount": "0.04120246"
    }, 
    {
        "date": "1579390821", 
        "tid": "14388293", 
        "price": "120989000", 
        "type": "buy", 
        "amount": "0.00246780"
    }, 
    {
        "date": "1579390820", 
        "tid": "14388292", 
        "price": "120989000", 
        "type": "buy", 
        "amount": "0.00247196"
    }, 
    {
        "date": "1579390819", 
        "tid": "14388291", 
        "price": "120989000", 
        "type": "buy", 
        "amount": "0.00247612"
    }, 
    {
        "date": "1579390819", 
        "tid": "14388290", 
        "price": "120989000", 
        "type": "buy", 
        "amount": "0.00248027"
    }, 
    {
        "date": "1579390818", 
        "tid": "14388289", 
        "price": "120989000", 
        "type": "buy", 
        "amount": "0.00248444"
    }, 
    {
        "date": "1579390817", 
        "tid": "14388288", 
        "price": "120989000", 
        "type": "buy", 
        "amount": "0.00248858"
    }, 
    {
        "date": "1579390817", 
        "tid": "14388287", 
        "price": "120989000", 
        "type": "buy", 
        "amount": "0.00249275"
    }, 
    {
        "date": "1579390816", 
        "tid": "14388286", 
        "price": "120989000", 
        "type": "buy", 
        "amount": "0.00249690"
    }, 
    {
        "date": "1579390815", 
        "tid": "14388285", 
        "price": "120989000", 
        "type": "buy", 
        "amount": "0.00250107"
    }, 
    {
        "date": "1579390815", 
        "tid": "14388284", 
        "price": "120989000", 
        "type": "buy", 
        "amount": "0.00250522"
    }, 
    {
        "date": "1579390814", 
        "tid": "14388283", 
        "price": "120989000", 
        "type": "buy", 
        "amount": "0.00250938"
    }, 
    {
        "date": "1579390813", 
        "tid": "14388282", 
        "price": "120989000", 
        "type": "buy", 
        "amount": "0.00251354"
    }, 
    {
        "date": "1579390813", 
        "tid": "14388281", 
        "price": "120989000", 
        "type": "buy", 
        "amount": "0.00251770"
    }, 
    {
        "date": "1579390812", 
        "tid": "14388280", 
        "price": "120989000", 
        "type": "buy", 
        "amount": "0.00252185"
    }, 
    {
        "date": "1579390811", 
        "tid": "14388279", 
        "price": "120989000", 
        "type": "buy", 
        "amount": "0.00252602"
    }, 
    {
        "date": "1579390811", 
        "tid": "14388278", 
        "price": "120989000", 
        "type": "buy", 
        "amount": "0.00253017"
    }, 
    {
        "date": "1579390810", 
        "tid": "14388277", 
        "price": "120989000", 
        "type": "buy", 
        "amount": "0.00253433"
    }, 
    {
        "date": "1579390809", 
        "tid": "14388276", 
        "price": "120989000", 
        "type": "buy", 
        "amount": "0.00253848"
    }, 
    {
        "date": "1579390807", 
        "tid": "14388275", 
        "price": "120989000", 
        "type": "buy", 
        "amount": "0.00254265"
    }, 
    {
        "date": "1579390807", 
        "tid": "14388274", 
        "price": "120989000", 
        "type": "buy", 
        "amount": "0.00254680"
    }, 
    {
        "date": "1579390806", 
        "tid": "14388273", 
        "price": "120989000", 
        "type": "buy", 
        "amount": "0.00255096"
    }, 
    {
        "date": "1579390805", 
        "tid": "14388272", 
        "price": "120989000", 
        "type": "buy", 
        "amount": "0.00255512"
    }, 
    {
        "date": "1579390805", 
        "tid": "14388271", 
        "price": "120989000", 
        "type": "buy", 
        "amount": "0.00255928"
    }, 
    {
        "date": "1579390804", 
        "tid": "14388270", 
        "price": "120989000", 
        "type": "buy", 
        "amount": "0.00256343"
    }, 
    {
        "date": "1579390803", 
        "tid": "14388269", 
        "price": "120989000", 
        "type": "buy", 
        "amount": "0.00256759"
    }, 
    {
        "date": "1579390803", 
        "tid": "14388268", 
        "price": "120989000", 
        "type": "buy", 
        "amount": "0.00065407"
    }, 
    {
        "date": "1579390714", 
        "tid": "14388267", 
        "price": "120999000", 
        "type": "buy", 
        "amount": "0.04197167"
    }, 
    {
        "date": "1579390714", 
        "tid": "14388266", 
        "price": "120989000", 
        "type": "buy", 
        "amount": "0.00296033"
    }, 
    {
        "date": "1579390196", 
        "tid": "14388265", 
        "price": "120988000", 
        "type": "sell", 
        "amount": "0.00119562"
    }, 
    {
        "date": "1579390053", 
        "tid": "14388264", 
        "price": "120852000", 
        "type": "sell", 
        "amount": "0.00160659"
    }, 
    {
        "date": "1579390044", 
        "tid": "14388263", 
        "price": "120845000", 
        "type": "sell", 
        "amount": "0.00008633"
    }, 
    {
        "date": "1579390044", 
        "tid": "14388262", 
        "price": "120853000", 
        "type": "sell", 
        "amount": "0.00170714"
    }, 
    {
        "date": "1579390044", 
        "tid": "14388261", 
        "price": "120988000", 
        "type": "sell", 
        "amount": "0.00342653"
    }, 
    {
        "date": "1579390023", 
        "tid": "14388260", 
        "price": "120988000", 
        "type": "sell", 
        "amount": "0.00134510"
    }, 
    {
        "date": "1579389867", 
        "tid": "14388259", 
        "price": "120989000", 
        "type": "buy", 
        "amount": "0.00166387"
    }, 
    {
        "date": "1579389867", 
        "tid": "14388258", 
        "price": "120966000", 
        "type": "buy", 
        "amount": "0.00092353"
    }, 
    {
        "date": "1579389867", 
        "tid": "14388257", 
        "price": "120914000", 
        "type": "buy", 
        "amount": "0.00977960"
    }, 
    {
        "date": "1579389821", 
        "tid": "14388256", 
        "price": "120897000", 
        "type": "buy", 
        "amount": "0.00155190"
    }, 
    {
        "date": "1579389821", 
        "tid": "14388255", 
        "price": "120890000", 
        "type": "buy", 
        "amount": "0.00912083"
    }, 
    {
        "date": "1579389791", 
        "tid": "14388254", 
        "price": "120851000", 
        "type": "sell", 
        "amount": "0.00705141"
    }, 
    {
        "date": "1579389791", 
        "tid": "14388253", 
        "price": "120871000", 
        "type": "sell", 
        "amount": "0.00298705"
    }, 
    {
        "date": "1579389791", 
        "tid": "14388252", 
        "price": "120872000", 
        "type": "sell", 
        "amount": "0.00170687"
    }, 
    {
        "date": "1579389791", 
        "tid": "14388251", 
        "price": "120889000", 
        "type": "sell", 
        "amount": "0.00196119"
    }, 
    {
        "date": "1579389735", 
        "tid": "14388250", 
        "price": "120848000", 
        "type": "sell", 
        "amount": "0.01151076"
    }, 
    {
        "date": "1579389718", 
        "tid": "14388249", 
        "price": "120848000", 
        "type": "sell", 
        "amount": "0.00899365"
    }, 
    {
        "date": "1579389618", 
        "tid": "14388248", 
        "price": "120843000", 
        "type": "sell", 
        "amount": "0.00422100"
    }, 
    {
        "date": "1579389612", 
        "tid": "14388247", 
        "price": "120895000", 
        "type": "sell", 
        "amount": "0.00015538"
    }, 
    {
        "date": "1579389610", 
        "tid": "14388246", 
        "price": "120895000", 
        "type": "buy", 
        "amount": "0.00397211"
    }, 
    {
        "date": "1579389561", 
        "tid": "14388245", 
        "price": "120891000", 
        "type": "buy", 
        "amount": "0.00905581"
    }, 
    {
        "date": "1579389551", 
        "tid": "14388244", 
        "price": "120891000", 
        "type": "buy", 
        "amount": "0.01164419"
    }, 
    {
        "date": "1579389551", 
        "tid": "14388243", 
        "price": "120867000", 
        "type": "buy", 
        "amount": "0.00244095"
    }, 
    {
        "date": "1579389551", 
        "tid": "14388242", 
        "price": "120836000", 
        "type": "buy", 
        "amount": "0.00244095"
    }, 
    {
        "date": "1579389551", 
        "tid": "14388241", 
        "price": "120829000", 
        "type": "buy", 
        "amount": "0.00077960"
    }, 
    {
        "date": "1579389551", 
        "tid": "14388240", 
        "price": "120806000", 
        "type": "buy", 
        "amount": "0.00244095"
    }, 
    {
        "date": "1579389551", 
        "tid": "14388239", 
        "price": "120775000", 
        "type": "buy", 
        "amount": "0.00244095"
    }, 
    {
        "date": "1579389551", 
        "tid": "14388238", 
        "price": "120744000", 
        "type": "buy", 
        "amount": "0.00244095"
    }, 
    {
        "date": "1579389551", 
        "tid": "14388237", 
        "price": "120714000", 
        "type": "buy", 
        "amount": "0.00012223"
    }, 
    {
        "date": "1579389534", 
        "tid": "14388236", 
        "price": "120714000", 
        "type": "buy", 
        "amount": "0.01180009"
    }, 
    {
        "date": "1579389516", 
        "tid": "14388235", 
        "price": "120714000", 
        "type": "buy", 
        "amount": "0.00247035"
    }, 
    {
        "date": "1579389447", 
        "tid": "14388234", 
        "price": "120714000", 
        "type": "sell", 
        "amount": "0.00244095"
    }, 
    {
        "date": "1579389447", 
        "tid": "14388233", 
        "price": "120715000", 
        "type": "sell", 
        "amount": "0.00421516"
    }
]