[
    {
        "date": "1579341407", 
        "tid": "14386399", 
        "price": "120200000", 
        "type": "buy", 
        "amount": "0.09538772"
    }, 
    {
        "date": "1579341374", 
        "tid": "14386398", 
        "price": "120199000", 
        "type": "sell", 
        "amount": "0.00588541"
    }, 
    {
        "date": "1579341331", 
        "tid": "14386397", 
        "price": "120199000", 
        "type": "sell", 
        "amount": "0.24000000"
    }, 
    {
        "date": "1579341328", 
        "tid": "14386396", 
        "price": "120199000", 
        "type": "sell", 
        "amount": "0.01450410"
    }, 
    {
        "date": "1579341327", 
        "tid": "14386395", 
        "price": "120200000", 
        "type": "buy", 
        "amount": "0.00760812"
    }, 
    {
        "date": "1579341313", 
        "tid": "14386394", 
        "price": "120200000", 
        "type": "buy", 
        "amount": "0.00760812"
    }, 
    {
        "date": "1579341275", 
        "tid": "14386393", 
        "price": "120199000", 
        "type": "sell", 
        "amount": "0.00239477"
    }, 
    {
        "date": "1579341275", 
        "tid": "14386392", 
        "price": "120199000", 
        "type": "sell", 
        "amount": "0.00383871"
    }, 
    {
        "date": "1579341271", 
        "tid": "14386391", 
        "price": "120199000", 
        "type": "sell", 
        "amount": "0.01499999"
    }, 
    {
        "date": "1579341269", 
        "tid": "14386390", 
        "price": "120200000", 
        "type": "buy", 
        "amount": "0.00760812"
    }, 
    {
        "date": "1579341254", 
        "tid": "14386389", 
        "price": "120200000", 
        "type": "buy", 
        "amount": "0.00760812"
    }, 
    {
        "date": "1579341234", 
        "tid": "14386388", 
        "price": "120200000", 
        "type": "buy", 
        "amount": "0.00760812"
    }, 
    {
        "date": "1579341217", 
        "tid": "14386387", 
        "price": "120200000", 
        "type": "buy", 
        "amount": "0.00760812"
    }, 
    {
        "date": "1579341208", 
        "tid": "14386386", 
        "price": "120200000", 
        "type": "buy", 
        "amount": "0.00760812"
    }, 
    {
        "date": "1579341186", 
        "tid": "14386385", 
        "price": "120199000", 
        "type": "sell", 
        "amount": "0.00121823"
    }, 
    {
        "date": "1579341116", 
        "tid": "14386384", 
        "price": "120200000", 
        "type": "buy", 
        "amount": "0.00792121"
    }, 
    {
        "date": "1579341073", 
        "tid": "14386383", 
        "price": "120200000", 
        "type": "buy", 
        "amount": "0.00082651"
    }, 
    {
        "date": "1579341052", 
        "tid": "14386382", 
        "price": "120200000", 
        "type": "buy", 
        "amount": "0.00042302"
    }, 
    {
        "date": "1579341041", 
        "tid": "14386381", 
        "price": "120200000", 
        "type": "buy", 
        "amount": "0.00124027"
    }, 
    {
        "date": "1579340904", 
        "tid": "14386380", 
        "price": "120199000", 
        "type": "buy", 
        "amount": "0.01394797"
    }, 
    {
        "date": "1579340886", 
        "tid": "14386379", 
        "price": "120199000", 
        "type": "buy", 
        "amount": "0.08300691"
    }, 
    {
        "date": "1579340886", 
        "tid": "14386378", 
        "price": "120196000", 
        "type": "buy", 
        "amount": "0.08179851"
    }, 
    {
        "date": "1579340886", 
        "tid": "14386377", 
        "price": "120195000", 
        "type": "buy", 
        "amount": "0.00087524"
    }, 
    {
        "date": "1579340886", 
        "tid": "14386376", 
        "price": "120194000", 
        "type": "buy", 
        "amount": "0.07871610"
    }, 
    {
        "date": "1579340809", 
        "tid": "14386375", 
        "price": "120102000", 
        "type": "sell", 
        "amount": "0.01051388"
    }, 
    {
        "date": "1579340758", 
        "tid": "14386374", 
        "price": "120196000", 
        "type": "buy", 
        "amount": "0.02293694"
    }, 
    {
        "date": "1579340758", 
        "tid": "14386373", 
        "price": "120195000", 
        "type": "buy", 
        "amount": "0.01524907"
    }, 
    {
        "date": "1579340758", 
        "tid": "14386372", 
        "price": "120194000", 
        "type": "buy", 
        "amount": "0.01505286"
    }, 
    {
        "date": "1579340758", 
        "tid": "14386371", 
        "price": "120156000", 
        "type": "buy", 
        "amount": "0.00561054"
    }, 
    {
        "date": "1579340737", 
        "tid": "14386370", 
        "price": "120156000", 
        "type": "buy", 
        "amount": "0.00517450"
    }, 
    {
        "date": "1579340717", 
        "tid": "14386369", 
        "price": "120156000", 
        "type": "buy", 
        "amount": "0.00417019"
    }, 
    {
        "date": "1579340717", 
        "tid": "14386368", 
        "price": "120103000", 
        "type": "buy", 
        "amount": "0.00344224"
    }, 
    {
        "date": "1579340704", 
        "tid": "14386367", 
        "price": "120102000", 
        "type": "sell", 
        "amount": "0.05500000"
    }, 
    {
        "date": "1579340623", 
        "tid": "14386366", 
        "price": "120103000", 
        "type": "sell", 
        "amount": "0.10638789"
    }, 
    {
        "date": "1579340623", 
        "tid": "14386365", 
        "price": "120142000", 
        "type": "sell", 
        "amount": "0.00049632"
    }, 
    {
        "date": "1579340623", 
        "tid": "14386364", 
        "price": "120145000", 
        "type": "sell", 
        "amount": "0.00074433"
    }, 
    {
        "date": "1579340623", 
        "tid": "14386363", 
        "price": "120155000", 
        "type": "sell", 
        "amount": "0.00166451"
    }, 
    {
        "date": "1579340599", 
        "tid": "14386362", 
        "price": "120194000", 
        "type": "buy", 
        "amount": "0.00320525"
    }, 
    {
        "date": "1579340599", 
        "tid": "14386361", 
        "price": "120191000", 
        "type": "buy", 
        "amount": "0.00047152"
    }, 
    {
        "date": "1579340523", 
        "tid": "14386360", 
        "price": "120156000", 
        "type": "sell", 
        "amount": "0.00053296"
    }, 
    {
        "date": "1579340447", 
        "tid": "14386359", 
        "price": "120194000", 
        "type": "buy", 
        "amount": "0.12442497"
    }, 
    {
        "date": "1579340426", 
        "tid": "14386358", 
        "price": "120156000", 
        "type": "sell", 
        "amount": "0.00645909"
    }, 
    {
        "date": "1579340363", 
        "tid": "14386357", 
        "price": "120195000", 
        "type": "buy", 
        "amount": "0.00217926"
    }, 
    {
        "date": "1579340328", 
        "tid": "14386356", 
        "price": "120195000", 
        "type": "buy", 
        "amount": "0.00050658"
    }, 
    {
        "date": "1579340276", 
        "tid": "14386355", 
        "price": "120195000", 
        "type": "buy", 
        "amount": "0.01658985"
    }, 
    {
        "date": "1579340224", 
        "tid": "14386354", 
        "price": "120195000", 
        "type": "buy", 
        "amount": "0.00088783"
    }, 
    {
        "date": "1579340208", 
        "tid": "14386353", 
        "price": "120195000", 
        "type": "buy", 
        "amount": "0.00826620"
    }, 
    {
        "date": "1579340043", 
        "tid": "14386352", 
        "price": "120198000", 
        "type": "sell", 
        "amount": "0.00184195"
    }, 
    {
        "date": "1579339966", 
        "tid": "14386351", 
        "price": "120199000", 
        "type": "sell", 
        "amount": "0.00087521"
    }, 
    {
        "date": "1579339963", 
        "tid": "14386350", 
        "price": "120199000", 
        "type": "sell", 
        "amount": "0.00218802"
    }, 
    {
        "date": "1579339962", 
        "tid": "14386349", 
        "price": "120198000", 
        "type": "sell", 
        "amount": "0.00153162"
    }, 
    {
        "date": "1579339962", 
        "tid": "14386348", 
        "price": "120198000", 
        "type": "sell", 
        "amount": "0.00087522"
    }, 
    {
        "date": "1579339961", 
        "tid": "14386347", 
        "price": "120198000", 
        "type": "buy", 
        "amount": "0.00456043"
    }, 
    {
        "date": "1579339844", 
        "tid": "14386346", 
        "price": "120198000", 
        "type": "buy", 
        "amount": "0.00033873"
    }, 
    {
        "date": "1579339844", 
        "tid": "14386345", 
        "price": "120197000", 
        "type": "buy", 
        "amount": "0.00008431"
    }, 
    {
        "date": "1579339841", 
        "tid": "14386344", 
        "price": "120197000", 
        "type": "buy", 
        "amount": "0.00144733"
    }, 
    {
        "date": "1579339841", 
        "tid": "14386343", 
        "price": "120196000", 
        "type": "buy", 
        "amount": "0.00087523"
    }, 
    {
        "date": "1579339838", 
        "tid": "14386342", 
        "price": "120201000", 
        "type": "buy", 
        "amount": "0.00144728"
    }, 
    {
        "date": "1579339838", 
        "tid": "14386341", 
        "price": "120200000", 
        "type": "buy", 
        "amount": "0.00087520"
    }, 
    {
        "date": "1579339824", 
        "tid": "14386340", 
        "price": "120148000", 
        "type": "sell", 
        "amount": "0.00341016"
    }, 
    {
        "date": "1579339824", 
        "tid": "14386339", 
        "price": "120199000", 
        "type": "sell", 
        "amount": "0.00082339"
    }, 
    {
        "date": "1579339696", 
        "tid": "14386338", 
        "price": "120201000", 
        "type": "buy", 
        "amount": "0.00034303"
    }, 
    {
        "date": "1579339696", 
        "tid": "14386337", 
        "price": "120200000", 
        "type": "buy", 
        "amount": "0.00087520"
    }, 
    {
        "date": "1579339689", 
        "tid": "14386336", 
        "price": "120196000", 
        "type": "sell", 
        "amount": "0.00113425"
    }, 
    {
        "date": "1579339689", 
        "tid": "14386335", 
        "price": "120197000", 
        "type": "sell", 
        "amount": "0.00544412"
    }, 
    {
        "date": "1579339689", 
        "tid": "14386334", 
        "price": "120198000", 
        "type": "sell", 
        "amount": "0.00418775"
    }, 
    {
        "date": "1579339689", 
        "tid": "14386333", 
        "price": "120199000", 
        "type": "sell", 
        "amount": "0.00293140"
    }, 
    {
        "date": "1579339689", 
        "tid": "14386332", 
        "price": "120200000", 
        "type": "sell", 
        "amount": "0.73194045"
    }, 
    {
        "date": "1579339625", 
        "tid": "14386331", 
        "price": "120200000", 
        "type": "sell", 
        "amount": "0.00093690"
    }, 
    {
        "date": "1579339572", 
        "tid": "14386330", 
        "price": "120201000", 
        "type": "buy", 
        "amount": "0.02479661"
    }, 
    {
        "date": "1579339379", 
        "tid": "14386329", 
        "price": "120200000", 
        "type": "sell", 
        "amount": "0.03897791"
    }, 
    {
        "date": "1579339340", 
        "tid": "14386328", 
        "price": "120240000", 
        "type": "buy", 
        "amount": "0.00098009"
    }, 
    {
        "date": "1579339288", 
        "tid": "14386327", 
        "price": "120200000", 
        "type": "sell", 
        "amount": "0.12333826"
    }, 
    {
        "date": "1579339284", 
        "tid": "14386326", 
        "price": "120240000", 
        "type": "buy", 
        "amount": "0.00616053"
    }, 
    {
        "date": "1579339243", 
        "tid": "14386325", 
        "price": "120240000", 
        "type": "buy", 
        "amount": "0.00532391"
    }, 
    {
        "date": "1579339227", 
        "tid": "14386324", 
        "price": "120240000", 
        "type": "buy", 
        "amount": "0.00849005"
    }, 
    {
        "date": "1579339227", 
        "tid": "14386323", 
        "price": "120217000", 
        "type": "buy", 
        "amount": "0.03000000"
    }, 
    {
        "date": "1579339212", 
        "tid": "14386322", 
        "price": "120197000", 
        "type": "buy", 
        "amount": "0.03867655"
    }, 
    {
        "date": "1579339166", 
        "tid": "14386321", 
        "price": "120197000", 
        "type": "buy", 
        "amount": "0.00495911"
    }, 
    {
        "date": "1579339054", 
        "tid": "14386320", 
        "price": "120196000", 
        "type": "buy", 
        "amount": "0.00049727"
    }, 
    {
        "date": "1579339053", 
        "tid": "14386319", 
        "price": "120196000", 
        "type": "buy", 
        "amount": "0.00049846"
    }, 
    {
        "date": "1579339034", 
        "tid": "14386318", 
        "price": "120006000", 
        "type": "sell", 
        "amount": "0.00050000"
    }, 
    {
        "date": "1579338961", 
        "tid": "14386317", 
        "price": "120196000", 
        "type": "buy", 
        "amount": "0.00762991"
    }, 
    {
        "date": "1579338915", 
        "tid": "14386316", 
        "price": "120000000", 
        "type": "sell", 
        "amount": "0.05533643"
    }, 
    {
        "date": "1579338915", 
        "tid": "14386315", 
        "price": "120001000", 
        "type": "sell", 
        "amount": "0.27639999"
    }, 
    {
        "date": "1579338915", 
        "tid": "14386314", 
        "price": "120149000", 
        "type": "sell", 
        "amount": "0.23326814"
    }, 
    {
        "date": "1579338915", 
        "tid": "14386313", 
        "price": "120195000", 
        "type": "sell", 
        "amount": "0.03419675"
    }, 
    {
        "date": "1579338915", 
        "tid": "14386312", 
        "price": "120196000", 
        "type": "sell", 
        "amount": "0.00079869"
    }, 
    {
        "date": "1579338847", 
        "tid": "14386311", 
        "price": "120198000", 
        "type": "buy", 
        "amount": "0.00366952"
    }, 
    {
        "date": "1579338843", 
        "tid": "14386310", 
        "price": "120200000", 
        "type": "sell", 
        "amount": "0.00430969"
    }, 
    {
        "date": "1579338843", 
        "tid": "14386309", 
        "price": "120201000", 
        "type": "sell", 
        "amount": "0.01077435"
    }, 
    {
        "date": "1579338776", 
        "tid": "14386308", 
        "price": "120200000", 
        "type": "buy", 
        "amount": "0.01609494"
    }, 
    {
        "date": "1579338776", 
        "tid": "14386307", 
        "price": "120197000", 
        "type": "buy", 
        "amount": "0.01220719"
    }, 
    {
        "date": "1579338713", 
        "tid": "14386306", 
        "price": "120196000", 
        "type": "sell", 
        "amount": "0.00125794"
    }, 
    {
        "date": "1579338693", 
        "tid": "14386305", 
        "price": "120196000", 
        "type": "sell", 
        "amount": "0.00116852"
    }, 
    {
        "date": "1579338666", 
        "tid": "14386304", 
        "price": "120195000", 
        "type": "sell", 
        "amount": "0.00041765"
    }, 
    {
        "date": "1579338517", 
        "tid": "14386303", 
        "price": "120200000", 
        "type": "buy", 
        "amount": "0.00094941"
    }, 
    {
        "date": "1579338431", 
        "tid": "14386302", 
        "price": "120195000", 
        "type": "buy", 
        "amount": "0.00502926"
    }, 
    {
        "date": "1579338431", 
        "tid": "14386301", 
        "price": "120193000", 
        "type": "buy", 
        "amount": "0.08402737"
    }, 
    {
        "date": "1579338431", 
        "tid": "14386300", 
        "price": "120175000", 
        "type": "buy", 
        "amount": "0.00085800"
    }, 
    {
        "date": "1579338337", 
        "tid": "14386299", 
        "price": "120180000", 
        "type": "buy", 
        "amount": "0.04115673"
    }, 
    {
        "date": "1579338337", 
        "tid": "14386298", 
        "price": "120167000", 
        "type": "buy", 
        "amount": "0.09988548"
    }, 
    {
        "date": "1579338199", 
        "tid": "14386297", 
        "price": "119987000", 
        "type": "sell", 
        "amount": "0.00085800"
    }, 
    {
        "date": "1579338168", 
        "tid": "14386296", 
        "price": "120178000", 
        "type": "buy", 
        "amount": "0.05079817"
    }, 
    {
        "date": "1579338167", 
        "tid": "14386295", 
        "price": "120150000", 
        "type": "buy", 
        "amount": "0.00141783"
    }, 
    {
        "date": "1579338154", 
        "tid": "14386294", 
        "price": "120150000", 
        "type": "buy", 
        "amount": "0.00022696"
    }, 
    {
        "date": "1579338154", 
        "tid": "14386293", 
        "price": "119990000", 
        "type": "buy", 
        "amount": "0.00068422"
    }, 
    {
        "date": "1579338130", 
        "tid": "14386292", 
        "price": "120150000", 
        "type": "buy", 
        "amount": "0.00077127"
    }, 
    {
        "date": "1579338107", 
        "tid": "14386291", 
        "price": "119989000", 
        "type": "sell", 
        "amount": "0.05790505"
    }, 
    {
        "date": "1579338107", 
        "tid": "14386290", 
        "price": "120094000", 
        "type": "sell", 
        "amount": "0.00195781"
    }, 
    {
        "date": "1579338065", 
        "tid": "14386289", 
        "price": "120094000", 
        "type": "sell", 
        "amount": "0.00150995"
    }, 
    {
        "date": "1579337987", 
        "tid": "14386288", 
        "price": "120150000", 
        "type": "buy", 
        "amount": "0.00181893"
    }, 
    {
        "date": "1579337929", 
        "tid": "14386287", 
        "price": "120150000", 
        "type": "buy", 
        "amount": "0.00407104"
    }, 
    {
        "date": "1579337929", 
        "tid": "14386286", 
        "price": "119987000", 
        "type": "buy", 
        "amount": "0.00215543"
    }, 
    {
        "date": "1579337849", 
        "tid": "14386285", 
        "price": "119987000", 
        "type": "buy", 
        "amount": "0.04677310"
    }, 
    {
        "date": "1579337826", 
        "tid": "14386284", 
        "price": "119987000", 
        "type": "buy", 
        "amount": "0.00109866"
    }, 
    {
        "date": "1579337757", 
        "tid": "14386283", 
        "price": "119987000", 
        "type": "buy", 
        "amount": "0.00588434"
    }, 
    {
        "date": "1579337640", 
        "tid": "14386282", 
        "price": "119987000", 
        "type": "buy", 
        "amount": "0.00830603"
    }, 
    {
        "date": "1579337626", 
        "tid": "14386281", 
        "price": "119987000", 
        "type": "sell", 
        "amount": "0.01747292"
    }, 
    {
        "date": "1579337626", 
        "tid": "14386280", 
        "price": "119988000", 
        "type": "sell", 
        "amount": "0.00195414"
    }, 
    {
        "date": "1579337616", 
        "tid": "14386279", 
        "price": "120192000", 
        "type": "buy", 
        "amount": "0.00782641"
    }, 
    {
        "date": "1579337616", 
        "tid": "14386278", 
        "price": "120189000", 
        "type": "buy", 
        "amount": "0.00085580"
    }, 
    {
        "date": "1579337616", 
        "tid": "14386277", 
        "price": "120150000", 
        "type": "buy", 
        "amount": "0.00301503"
    }, 
    {
        "date": "1579337599", 
        "tid": "14386276", 
        "price": "119988000", 
        "type": "buy", 
        "amount": "0.00046724"
    }, 
    {
        "date": "1579337507", 
        "tid": "14386275", 
        "price": "119987000", 
        "type": "sell", 
        "amount": "0.00042665"
    }, 
    {
        "date": "1579337340", 
        "tid": "14386274", 
        "price": "119987000", 
        "type": "sell", 
        "amount": "0.00042915"
    }, 
    {
        "date": "1579337326", 
        "tid": "14386273", 
        "price": "120194000", 
        "type": "buy", 
        "amount": "0.00322663"
    }, 
    {
        "date": "1579337326", 
        "tid": "14386272", 
        "price": "120166000", 
        "type": "buy", 
        "amount": "0.00252749"
    }, 
    {
        "date": "1579337314", 
        "tid": "14386271", 
        "price": "120194000", 
        "type": "buy", 
        "amount": "0.09461146"
    }, 
    {
        "date": "1579337314", 
        "tid": "14386270", 
        "price": "120166000", 
        "type": "buy", 
        "amount": "0.00112200"
    }, 
    {
        "date": "1579337314", 
        "tid": "14386269", 
        "price": "120161000", 
        "type": "buy", 
        "amount": "0.06163849"
    }, 
    {
        "date": "1579337314", 
        "tid": "14386268", 
        "price": "120150000", 
        "type": "buy", 
        "amount": "0.00831965"
    }, 
    {
        "date": "1579337314", 
        "tid": "14386267", 
        "price": "119994000", 
        "type": "buy", 
        "amount": "0.00421939"
    }, 
    {
        "date": "1579337306", 
        "tid": "14386266", 
        "price": "119994000", 
        "type": "buy", 
        "amount": "0.00961545"
    }, 
    {
        "date": "1579337179", 
        "tid": "14386265", 
        "price": "119995000", 
        "type": "sell", 
        "amount": "0.00831965"
    }, 
    {
        "date": "1579337136", 
        "tid": "14386264", 
        "price": "120164000", 
        "type": "buy", 
        "amount": "0.08075679"
    }, 
    {
        "date": "1579337136", 
        "tid": "14386263", 
        "price": "120132000", 
        "type": "buy", 
        "amount": "0.04081739"
    }, 
    {
        "date": "1579337136", 
        "tid": "14386262", 
        "price": "120122000", 
        "type": "buy", 
        "amount": "0.00256592"
    }, 
    {
        "date": "1579337136", 
        "tid": "14386261", 
        "price": "120111000", 
        "type": "buy", 
        "amount": "0.22963978"
    }, 
    {
        "date": "1579337136", 
        "tid": "14386260", 
        "price": "120108000", 
        "type": "buy", 
        "amount": "0.06163848"
    }, 
    {
        "date": "1579337057", 
        "tid": "14386259", 
        "price": "119985000", 
        "type": "sell", 
        "amount": "0.03620430"
    }, 
    {
        "date": "1579337057", 
        "tid": "14386258", 
        "price": "119998000", 
        "type": "sell", 
        "amount": "0.01379570"
    }, 
    {
        "date": "1579337051", 
        "tid": "14386257", 
        "price": "120111000", 
        "type": "buy", 
        "amount": "0.00082751"
    }, 
    {
        "date": "1579337029", 
        "tid": "14386256", 
        "price": "120111000", 
        "type": "buy", 
        "amount": "0.10975326"
    }, 
    {
        "date": "1579337029", 
        "tid": "14386255", 
        "price": "120102000", 
        "type": "buy", 
        "amount": "0.00513000"
    }, 
    {
        "date": "1579337029", 
        "tid": "14386254", 
        "price": "120100000", 
        "type": "buy", 
        "amount": "0.35547779"
    }, 
    {
        "date": "1579337029", 
        "tid": "14386253", 
        "price": "120099000", 
        "type": "buy", 
        "amount": "0.08414717"
    }, 
    {
        "date": "1579337029", 
        "tid": "14386252", 
        "price": "120097000", 
        "type": "buy", 
        "amount": "0.08296469"
    }, 
    {
        "date": "1579337029", 
        "tid": "14386251", 
        "price": "119999000", 
        "type": "buy", 
        "amount": "0.00173602"
    }, 
    {
        "date": "1579337004", 
        "tid": "14386250", 
        "price": "119999000", 
        "type": "buy", 
        "amount": "0.00415424"
    }
]