[
    {
        "date": "1579275696", 
        "tid": "14383578", 
        "price": "119732000", 
        "type": "sell", 
        "amount": "0.00140320"
    }, 
    {
        "date": "1579275695", 
        "tid": "14383577", 
        "price": "119731000", 
        "type": "sell", 
        "amount": "0.00783004"
    }, 
    {
        "date": "1579275687", 
        "tid": "14383576", 
        "price": "119729000", 
        "type": "sell", 
        "amount": "0.00783017"
    }, 
    {
        "date": "1579275678", 
        "tid": "14383575", 
        "price": "119832000", 
        "type": "buy", 
        "amount": "0.00829112"
    }, 
    {
        "date": "1579275674", 
        "tid": "14383574", 
        "price": "119832000", 
        "type": "buy", 
        "amount": "0.00052407"
    }, 
    {
        "date": "1579275665", 
        "tid": "14383573", 
        "price": "119725000", 
        "type": "sell", 
        "amount": "0.00783030"
    }, 
    {
        "date": "1579275652", 
        "tid": "14383572", 
        "price": "119723000", 
        "type": "sell", 
        "amount": "0.00783076"
    }, 
    {
        "date": "1579275625", 
        "tid": "14383571", 
        "price": "119719000", 
        "type": "sell", 
        "amount": "0.00050000"
    }, 
    {
        "date": "1579275607", 
        "tid": "14383570", 
        "price": "119718000", 
        "type": "sell", 
        "amount": "0.00783082"
    }, 
    {
        "date": "1579275601", 
        "tid": "14383569", 
        "price": "119717000", 
        "type": "sell", 
        "amount": "0.00082782"
    }, 
    {
        "date": "1579275593", 
        "tid": "14383568", 
        "price": "119716000", 
        "type": "sell", 
        "amount": "0.00014130"
    }, 
    {
        "date": "1579275579", 
        "tid": "14383567", 
        "price": "119714000", 
        "type": "sell", 
        "amount": "0.00783135"
    }, 
    {
        "date": "1579275570", 
        "tid": "14383566", 
        "price": "119832000", 
        "type": "buy", 
        "amount": "0.00042432"
    }, 
    {
        "date": "1579275570", 
        "tid": "14383565", 
        "price": "119712000", 
        "type": "sell", 
        "amount": "0.00783135"
    }, 
    {
        "date": "1579275564", 
        "tid": "14383564", 
        "price": "119832000", 
        "type": "buy", 
        "amount": "0.08394418"
    }, 
    {
        "date": "1579275564", 
        "tid": "14383563", 
        "price": "119800000", 
        "type": "buy", 
        "amount": "0.00790418"
    }, 
    {
        "date": "1579275564", 
        "tid": "14383562", 
        "price": "119795000", 
        "type": "buy", 
        "amount": "0.00244472"
    }, 
    {
        "date": "1579275564", 
        "tid": "14383561", 
        "price": "119750000", 
        "type": "buy", 
        "amount": "0.00050472"
    }, 
    {
        "date": "1579275564", 
        "tid": "14383560", 
        "price": "119725000", 
        "type": "buy", 
        "amount": "0.00109735"
    }, 
    {
        "date": "1579275564", 
        "tid": "14383559", 
        "price": "119715000", 
        "type": "buy", 
        "amount": "0.00043004"
    }, 
    {
        "date": "1579275561", 
        "tid": "14383558", 
        "price": "119715000", 
        "type": "buy", 
        "amount": "0.00042474"
    }, 
    {
        "date": "1579275533", 
        "tid": "14383557", 
        "price": "119725000", 
        "type": "buy", 
        "amount": "0.00031446"
    }, 
    {
        "date": "1579275533", 
        "tid": "14383556", 
        "price": "119715000", 
        "type": "buy", 
        "amount": "0.00011027"
    }, 
    {
        "date": "1579275529", 
        "tid": "14383555", 
        "price": "119715000", 
        "type": "buy", 
        "amount": "0.00041641"
    }, 
    {
        "date": "1579275488", 
        "tid": "14383554", 
        "price": "119698000", 
        "type": "sell", 
        "amount": "0.07108468"
    }, 
    {
        "date": "1579275486", 
        "tid": "14383553", 
        "price": "119715000", 
        "type": "buy", 
        "amount": "0.00042474"
    }, 
    {
        "date": "1579275476", 
        "tid": "14383552", 
        "price": "119715000", 
        "type": "buy", 
        "amount": "0.00017058"
    }, 
    {
        "date": "1579275476", 
        "tid": "14383551", 
        "price": "119713000", 
        "type": "buy", 
        "amount": "0.00025416"
    }, 
    {
        "date": "1579275465", 
        "tid": "14383550", 
        "price": "119713000", 
        "type": "buy", 
        "amount": "0.00042474"
    }, 
    {
        "date": "1579275465", 
        "tid": "14383549", 
        "price": "119695000", 
        "type": "sell", 
        "amount": "0.04177667"
    }, 
    {
        "date": "1579275390", 
        "tid": "14383548", 
        "price": "119684000", 
        "type": "sell", 
        "amount": "0.00050130"
    }, 
    {
        "date": "1579275387", 
        "tid": "14383547", 
        "price": "119683000", 
        "type": "sell", 
        "amount": "0.00050546"
    }, 
    {
        "date": "1579275386", 
        "tid": "14383546", 
        "price": "119683000", 
        "type": "sell", 
        "amount": "0.00050546"
    }, 
    {
        "date": "1579275385", 
        "tid": "14383545", 
        "price": "119683000", 
        "type": "sell", 
        "amount": "0.00050546"
    }, 
    {
        "date": "1579275384", 
        "tid": "14383544", 
        "price": "119683000", 
        "type": "sell", 
        "amount": "0.00050540"
    }, 
    {
        "date": "1579275383", 
        "tid": "14383543", 
        "price": "119683000", 
        "type": "sell", 
        "amount": "0.00050541"
    }, 
    {
        "date": "1579275382", 
        "tid": "14383542", 
        "price": "119683000", 
        "type": "sell", 
        "amount": "0.00050541"
    }, 
    {
        "date": "1579275380", 
        "tid": "14383541", 
        "price": "119683000", 
        "type": "sell", 
        "amount": "0.00050541"
    }, 
    {
        "date": "1579275379", 
        "tid": "14383540", 
        "price": "119683000", 
        "type": "sell", 
        "amount": "0.00050541"
    }, 
    {
        "date": "1579275378", 
        "tid": "14383539", 
        "price": "119682000", 
        "type": "sell", 
        "amount": "0.00050541"
    }, 
    {
        "date": "1579275376", 
        "tid": "14383538", 
        "price": "119682000", 
        "type": "sell", 
        "amount": "0.00050541"
    }, 
    {
        "date": "1579275375", 
        "tid": "14383537", 
        "price": "119681000", 
        "type": "sell", 
        "amount": "0.00050540"
    }, 
    {
        "date": "1579275374", 
        "tid": "14383536", 
        "price": "119681000", 
        "type": "sell", 
        "amount": "0.00050540"
    }, 
    {
        "date": "1579275372", 
        "tid": "14383535", 
        "price": "119681000", 
        "type": "sell", 
        "amount": "0.00050540"
    }, 
    {
        "date": "1579275364", 
        "tid": "14383534", 
        "price": "119680000", 
        "type": "buy", 
        "amount": "0.00081681"
    }, 
    {
        "date": "1579275352", 
        "tid": "14383533", 
        "price": "119669000", 
        "type": "sell", 
        "amount": "0.05424026"
    }, 
    {
        "date": "1579275352", 
        "tid": "14383532", 
        "price": "119671000", 
        "type": "sell", 
        "amount": "0.00087561"
    }, 
    {
        "date": "1579275317", 
        "tid": "14383531", 
        "price": "119669000", 
        "type": "sell", 
        "amount": "0.00427965"
    }, 
    {
        "date": "1579275302", 
        "tid": "14383530", 
        "price": "119668000", 
        "type": "buy", 
        "amount": "0.00065649"
    }, 
    {
        "date": "1579275295", 
        "tid": "14383529", 
        "price": "119610000", 
        "type": "sell", 
        "amount": "0.00050000"
    }, 
    {
        "date": "1579275290", 
        "tid": "14383528", 
        "price": "119668000", 
        "type": "buy", 
        "amount": "0.00859719"
    }, 
    {
        "date": "1579275268", 
        "tid": "14383527", 
        "price": "119668000", 
        "type": "buy", 
        "amount": "0.00859719"
    }, 
    {
        "date": "1579275261", 
        "tid": "14383526", 
        "price": "119668000", 
        "type": "buy", 
        "amount": "0.06954810"
    }, 
    {
        "date": "1579275259", 
        "tid": "14383525", 
        "price": "119668000", 
        "type": "buy", 
        "amount": "0.00859719"
    }, 
    {
        "date": "1579275245", 
        "tid": "14383524", 
        "price": "119668000", 
        "type": "buy", 
        "amount": "0.00859719"
    }, 
    {
        "date": "1579275223", 
        "tid": "14383523", 
        "price": "119668000", 
        "type": "buy", 
        "amount": "0.00823612"
    }, 
    {
        "date": "1579275223", 
        "tid": "14383522", 
        "price": "119622000", 
        "type": "buy", 
        "amount": "0.00036122"
    }, 
    {
        "date": "1579275218", 
        "tid": "14383521", 
        "price": "119599000", 
        "type": "sell", 
        "amount": "0.00837230"
    }, 
    {
        "date": "1579275215", 
        "tid": "14383520", 
        "price": "119622000", 
        "type": "buy", 
        "amount": "0.00038348"
    }, 
    {
        "date": "1579275215", 
        "tid": "14383519", 
        "price": "119601000", 
        "type": "buy", 
        "amount": "0.00193069"
    }, 
    {
        "date": "1579275215", 
        "tid": "14383518", 
        "price": "119600000", 
        "type": "buy", 
        "amount": "0.00628784"
    }, 
    {
        "date": "1579275214", 
        "tid": "14383517", 
        "price": "119600000", 
        "type": "buy", 
        "amount": "0.00208405"
    }, 
    {
        "date": "1579275207", 
        "tid": "14383516", 
        "price": "119600000", 
        "type": "buy", 
        "amount": "0.00860208"
    }, 
    {
        "date": "1579275200", 
        "tid": "14383515", 
        "price": "119600000", 
        "type": "buy", 
        "amount": "0.02000687"
    }, 
    {
        "date": "1579275199", 
        "tid": "14383514", 
        "price": "119599000", 
        "type": "sell", 
        "amount": "0.00084050"
    }, 
    {
        "date": "1579275199", 
        "tid": "14383513", 
        "price": "119600000", 
        "type": "buy", 
        "amount": "0.00087007"
    }, 
    {
        "date": "1579275126", 
        "tid": "14383512", 
        "price": "119600000", 
        "type": "buy", 
        "amount": "0.00772940"
    }, 
    {
        "date": "1579275109", 
        "tid": "14383511", 
        "price": "119524000", 
        "type": "sell", 
        "amount": "0.18168316"
    }, 
    {
        "date": "1579275074", 
        "tid": "14383510", 
        "price": "119503000", 
        "type": "sell", 
        "amount": "0.00081535"
    }, 
    {
        "date": "1579275067", 
        "tid": "14383509", 
        "price": "119600000", 
        "type": "buy", 
        "amount": "0.07333530"
    }, 
    {
        "date": "1579275067", 
        "tid": "14383508", 
        "price": "119599000", 
        "type": "buy", 
        "amount": "0.03719726"
    }, 
    {
        "date": "1579275067", 
        "tid": "14383507", 
        "price": "119555000", 
        "type": "buy", 
        "amount": "0.00073543"
    }, 
    {
        "date": "1579275067", 
        "tid": "14383506", 
        "price": "119522000", 
        "type": "buy", 
        "amount": "0.06074910"
    }, 
    {
        "date": "1579275067", 
        "tid": "14383505", 
        "price": "119521000", 
        "type": "buy", 
        "amount": "0.01216740"
    }, 
    {
        "date": "1579274958", 
        "tid": "14383504", 
        "price": "119500000", 
        "type": "buy", 
        "amount": "0.01473116"
    }, 
    {
        "date": "1579274889", 
        "tid": "14383503", 
        "price": "119492000", 
        "type": "sell", 
        "amount": "0.01587443"
    }, 
    {
        "date": "1579274874", 
        "tid": "14383502", 
        "price": "119500000", 
        "type": "buy", 
        "amount": "0.00128756"
    }, 
    {
        "date": "1579274697", 
        "tid": "14383501", 
        "price": "119522000", 
        "type": "buy", 
        "amount": "0.00415653"
    }, 
    {
        "date": "1579274697", 
        "tid": "14383500", 
        "price": "119522000", 
        "type": "buy", 
        "amount": "0.04170817"
    }, 
    {
        "date": "1579274679", 
        "tid": "14383499", 
        "price": "119522000", 
        "type": "buy", 
        "amount": "0.00244989"
    }, 
    {
        "date": "1579274679", 
        "tid": "14383498", 
        "price": "119522000", 
        "type": "buy", 
        "amount": "0.00136458"
    }, 
    {
        "date": "1579274679", 
        "tid": "14383497", 
        "price": "119521000", 
        "type": "buy", 
        "amount": "0.00111009"
    }, 
    {
        "date": "1579274678", 
        "tid": "14383496", 
        "price": "119521000", 
        "type": "buy", 
        "amount": "0.00249946"
    }, 
    {
        "date": "1579274677", 
        "tid": "14383495", 
        "price": "119521000", 
        "type": "buy", 
        "amount": "0.00252423"
    }, 
    {
        "date": "1579274677", 
        "tid": "14383494", 
        "price": "119521000", 
        "type": "buy", 
        "amount": "0.00242763"
    }, 
    {
        "date": "1579274666", 
        "tid": "14383493", 
        "price": "119521000", 
        "type": "buy", 
        "amount": "0.00243415"
    }, 
    {
        "date": "1579274661", 
        "tid": "14383492", 
        "price": "119521000", 
        "type": "buy", 
        "amount": "0.00243415"
    }, 
    {
        "date": "1579274655", 
        "tid": "14383491", 
        "price": "119521000", 
        "type": "buy", 
        "amount": "0.00243414"
    }, 
    {
        "date": "1579274655", 
        "tid": "14383490", 
        "price": "119521000", 
        "type": "buy", 
        "amount": "0.00062960"
    }, 
    {
        "date": "1579274649", 
        "tid": "14383489", 
        "price": "119521000", 
        "type": "buy", 
        "amount": "0.00243414"
    }, 
    {
        "date": "1579274644", 
        "tid": "14383488", 
        "price": "119521000", 
        "type": "buy", 
        "amount": "0.00243430"
    }, 
    {
        "date": "1579274639", 
        "tid": "14383487", 
        "price": "119521000", 
        "type": "buy", 
        "amount": "0.00243135"
    }, 
    {
        "date": "1579274633", 
        "tid": "14383486", 
        "price": "119521000", 
        "type": "buy", 
        "amount": "0.00249015"
    }, 
    {
        "date": "1579274598", 
        "tid": "14383485", 
        "price": "119521000", 
        "type": "sell", 
        "amount": "0.00994999"
    }, 
    {
        "date": "1579274589", 
        "tid": "14383484", 
        "price": "119521000", 
        "type": "sell", 
        "amount": "0.00043531"
    }, 
    {
        "date": "1579274572", 
        "tid": "14383483", 
        "price": "119521000", 
        "type": "sell", 
        "amount": "0.00544899"
    }, 
    {
        "date": "1579274520", 
        "tid": "14383482", 
        "price": "119521000", 
        "type": "sell", 
        "amount": "0.00427327"
    }, 
    {
        "date": "1579274482", 
        "tid": "14383481", 
        "price": "119521000", 
        "type": "sell", 
        "amount": "0.00177165"
    }, 
    {
        "date": "1579274292", 
        "tid": "14383480", 
        "price": "119521000", 
        "type": "sell", 
        "amount": "0.00045785"
    }, 
    {
        "date": "1579274229", 
        "tid": "14383479", 
        "price": "119522000", 
        "type": "buy", 
        "amount": "0.00196531"
    }, 
    {
        "date": "1579274198", 
        "tid": "14383478", 
        "price": "119522000", 
        "type": "buy", 
        "amount": "0.01188365"
    }, 
    {
        "date": "1579274179", 
        "tid": "14383477", 
        "price": "119522000", 
        "type": "buy", 
        "amount": "0.01067463"
    }, 
    {
        "date": "1579274045", 
        "tid": "14383476", 
        "price": "119468000", 
        "type": "sell", 
        "amount": "0.00085331"
    }, 
    {
        "date": "1579274006", 
        "tid": "14383475", 
        "price": "119521000", 
        "type": "buy", 
        "amount": "0.00075577"
    }, 
    {
        "date": "1579273969", 
        "tid": "14383474", 
        "price": "119599000", 
        "type": "buy", 
        "amount": "0.00271301"
    }, 
    {
        "date": "1579273969", 
        "tid": "14383473", 
        "price": "119522000", 
        "type": "buy", 
        "amount": "0.00619092"
    }, 
    {
        "date": "1579273969", 
        "tid": "14383472", 
        "price": "119521000", 
        "type": "buy", 
        "amount": "0.00027015"
    }, 
    {
        "date": "1579273965", 
        "tid": "14383471", 
        "price": "119521000", 
        "type": "sell", 
        "amount": "0.00228980"
    }, 
    {
        "date": "1579273846", 
        "tid": "14383470", 
        "price": "119599000", 
        "type": "buy", 
        "amount": "0.10744774"
    }, 
    {
        "date": "1579273846", 
        "tid": "14383469", 
        "price": "119596000", 
        "type": "buy", 
        "amount": "0.03279525"
    }, 
    {
        "date": "1579273793", 
        "tid": "14383468", 
        "price": "119596000", 
        "type": "buy", 
        "amount": "0.00901251"
    }, 
    {
        "date": "1579273793", 
        "tid": "14383467", 
        "price": "119591000", 
        "type": "buy", 
        "amount": "0.00244472"
    }, 
    {
        "date": "1579273793", 
        "tid": "14383466", 
        "price": "119570000", 
        "type": "buy", 
        "amount": "0.00840000"
    }, 
    {
        "date": "1579273793", 
        "tid": "14383465", 
        "price": "119560000", 
        "type": "buy", 
        "amount": "0.00640655"
    }, 
    {
        "date": "1579273743", 
        "tid": "14383464", 
        "price": "119521000", 
        "type": "buy", 
        "amount": "0.00081681"
    }, 
    {
        "date": "1579273646", 
        "tid": "14383463", 
        "price": "119467000", 
        "type": "buy", 
        "amount": "0.03926316"
    }, 
    {
        "date": "1579273627", 
        "tid": "14383462", 
        "price": "119466000", 
        "type": "buy", 
        "amount": "0.00011780"
    }, 
    {
        "date": "1579273588", 
        "tid": "14383461", 
        "price": "119466000", 
        "type": "buy", 
        "amount": "0.00567500"
    }, 
    {
        "date": "1579273512", 
        "tid": "14383460", 
        "price": "119299000", 
        "type": "sell", 
        "amount": "0.16628010"
    }, 
    {
        "date": "1579273512", 
        "tid": "14383459", 
        "price": "119300000", 
        "type": "sell", 
        "amount": "0.00433990"
    }, 
    {
        "date": "1579273478", 
        "tid": "14383458", 
        "price": "119300000", 
        "type": "sell", 
        "amount": "0.00539261"
    }, 
    {
        "date": "1579273478", 
        "tid": "14383457", 
        "price": "119304000", 
        "type": "sell", 
        "amount": "0.00450062"
    }, 
    {
        "date": "1579273410", 
        "tid": "14383456", 
        "price": "119304000", 
        "type": "sell", 
        "amount": "0.00225919"
    }, 
    {
        "date": "1579273356", 
        "tid": "14383455", 
        "price": "119370000", 
        "type": "buy", 
        "amount": "0.16729053"
    }, 
    {
        "date": "1579273356", 
        "tid": "14383454", 
        "price": "119369000", 
        "type": "buy", 
        "amount": "0.00091475"
    }, 
    {
        "date": "1579273286", 
        "tid": "14383453", 
        "price": "119299000", 
        "type": "sell", 
        "amount": "0.01939324"
    }, 
    {
        "date": "1579273286", 
        "tid": "14383452", 
        "price": "119300000", 
        "type": "sell", 
        "amount": "0.10500234"
    }, 
    {
        "date": "1579273286", 
        "tid": "14383451", 
        "price": "119300000", 
        "type": "sell", 
        "amount": "0.01418995"
    }, 
    {
        "date": "1579273286", 
        "tid": "14383450", 
        "price": "119304000", 
        "type": "sell", 
        "amount": "0.04611005"
    }, 
    {
        "date": "1579273285", 
        "tid": "14383449", 
        "price": "119304000", 
        "type": "sell", 
        "amount": "0.01250000"
    }, 
    {
        "date": "1579273273", 
        "tid": "14383448", 
        "price": "119304000", 
        "type": "sell", 
        "amount": "0.00217425"
    }, 
    {
        "date": "1579273273", 
        "tid": "14383447", 
        "price": "119304000", 
        "type": "sell", 
        "amount": "0.00859422"
    }, 
    {
        "date": "1579273264", 
        "tid": "14383446", 
        "price": "119305000", 
        "type": "buy", 
        "amount": "0.00835680"
    }, 
    {
        "date": "1579273226", 
        "tid": "14383445", 
        "price": "119304000", 
        "type": "sell", 
        "amount": "0.00799782"
    }, 
    {
        "date": "1579273200", 
        "tid": "14383444", 
        "price": "119304000", 
        "type": "sell", 
        "amount": "0.00784038"
    }, 
    {
        "date": "1579273198", 
        "tid": "14383443", 
        "price": "119334000", 
        "type": "buy", 
        "amount": "0.00875772"
    }, 
    {
        "date": "1579273129", 
        "tid": "14383442", 
        "price": "119572000", 
        "type": "buy", 
        "amount": "0.00632010"
    }, 
    {
        "date": "1579273126", 
        "tid": "14383441", 
        "price": "119304000", 
        "type": "sell", 
        "amount": "0.07078309"
    }, 
    {
        "date": "1579273126", 
        "tid": "14383440", 
        "price": "119317000", 
        "type": "sell", 
        "amount": "0.02822242"
    }, 
    {
        "date": "1579273126", 
        "tid": "14383439", 
        "price": "119329000", 
        "type": "sell", 
        "amount": "0.00076829"
    }, 
    {
        "date": "1579273126", 
        "tid": "14383438", 
        "price": "119344000", 
        "type": "sell", 
        "amount": "0.00100000"
    }, 
    {
        "date": "1579273126", 
        "tid": "14383437", 
        "price": "119361000", 
        "type": "sell", 
        "amount": "0.00081680"
    }, 
    {
        "date": "1579273126", 
        "tid": "14383436", 
        "price": "119367000", 
        "type": "sell", 
        "amount": "0.00042986"
    }, 
    {
        "date": "1579273126", 
        "tid": "14383435", 
        "price": "119370000", 
        "type": "sell", 
        "amount": "0.00220705"
    }, 
    {
        "date": "1579273126", 
        "tid": "14383434", 
        "price": "119377000", 
        "type": "sell", 
        "amount": "0.00501986"
    }, 
    {
        "date": "1579273126", 
        "tid": "14383433", 
        "price": "119387000", 
        "type": "sell", 
        "amount": "0.00318942"
    }, 
    {
        "date": "1579273126", 
        "tid": "14383432", 
        "price": "119394000", 
        "type": "sell", 
        "amount": "0.00067890"
    }, 
    {
        "date": "1579273126", 
        "tid": "14383431", 
        "price": "119400000", 
        "type": "sell", 
        "amount": "0.10929647"
    }, 
    {
        "date": "1579273126", 
        "tid": "14383430", 
        "price": "119413000", 
        "type": "sell", 
        "amount": "0.00520983"
    }, 
    {
        "date": "1579273126", 
        "tid": "14383429", 
        "price": "119450000", 
        "type": "sell", 
        "amount": "0.02037430"
    }
]