[
    {
        "date": "1579313076", 
        "tid": "14385094", 
        "price": "121068000", 
        "type": "buy", 
        "amount": "0.00089234"
    }, 
    {
        "date": "1579313061", 
        "tid": "14385093", 
        "price": "121068000", 
        "type": "buy", 
        "amount": "0.00041999"
    }, 
    {
        "date": "1579312978", 
        "tid": "14385092", 
        "price": "121068000", 
        "type": "buy", 
        "amount": "0.00041999"
    }, 
    {
        "date": "1579312975", 
        "tid": "14385091", 
        "price": "121068000", 
        "type": "sell", 
        "amount": "0.00196564"
    }, 
    {
        "date": "1579312835", 
        "tid": "14385090", 
        "price": "121068000", 
        "type": "buy", 
        "amount": "0.24002493"
    }, 
    {
        "date": "1579312835", 
        "tid": "14385089", 
        "price": "121067000", 
        "type": "buy", 
        "amount": "0.09632604"
    }, 
    {
        "date": "1579312835", 
        "tid": "14385088", 
        "price": "121066000", 
        "type": "buy", 
        "amount": "0.00086803"
    }, 
    {
        "date": "1579312835", 
        "tid": "14385087", 
        "price": "121037000", 
        "type": "buy", 
        "amount": "0.00074470"
    }, 
    {
        "date": "1579312835", 
        "tid": "14385086", 
        "price": "121020000", 
        "type": "buy", 
        "amount": "0.00244472"
    }, 
    {
        "date": "1579312835", 
        "tid": "14385085", 
        "price": "121000000", 
        "type": "buy", 
        "amount": "0.00496358"
    }, 
    {
        "date": "1579312835", 
        "tid": "14385084", 
        "price": "120999000", 
        "type": "buy", 
        "amount": "0.05181568"
    }, 
    {
        "date": "1579312835", 
        "tid": "14385083", 
        "price": "120977000", 
        "type": "buy", 
        "amount": "0.00208552"
    }, 
    {
        "date": "1579312835", 
        "tid": "14385082", 
        "price": "120850000", 
        "type": "buy", 
        "amount": "0.07530760"
    }, 
    {
        "date": "1579312835", 
        "tid": "14385081", 
        "price": "120821000", 
        "type": "buy", 
        "amount": "0.01973795"
    }, 
    {
        "date": "1579312829", 
        "tid": "14385080", 
        "price": "120820000", 
        "type": "sell", 
        "amount": "0.02094302"
    }, 
    {
        "date": "1579312757", 
        "tid": "14385079", 
        "price": "120801000", 
        "type": "sell", 
        "amount": "0.00208552"
    }, 
    {
        "date": "1579312714", 
        "tid": "14385078", 
        "price": "120821000", 
        "type": "buy", 
        "amount": "0.03787315"
    }, 
    {
        "date": "1579312709", 
        "tid": "14385077", 
        "price": "120821000", 
        "type": "buy", 
        "amount": "0.00042085"
    }, 
    {
        "date": "1579312682", 
        "tid": "14385076", 
        "price": "120821000", 
        "type": "buy", 
        "amount": "0.00042085"
    }, 
    {
        "date": "1579312671", 
        "tid": "14385075", 
        "price": "120821000", 
        "type": "buy", 
        "amount": "0.00042085"
    }, 
    {
        "date": "1579312666", 
        "tid": "14385074", 
        "price": "120821000", 
        "type": "buy", 
        "amount": "0.00577637"
    }, 
    {
        "date": "1579312662", 
        "tid": "14385073", 
        "price": "120821000", 
        "type": "buy", 
        "amount": "0.00042085"
    }, 
    {
        "date": "1579312661", 
        "tid": "14385072", 
        "price": "120821000", 
        "type": "buy", 
        "amount": "0.01650390"
    }, 
    {
        "date": "1579312658", 
        "tid": "14385071", 
        "price": "120798000", 
        "type": "sell", 
        "amount": "0.00296243"
    }, 
    {
        "date": "1579312651", 
        "tid": "14385070", 
        "price": "120821000", 
        "type": "buy", 
        "amount": "0.00042085"
    }, 
    {
        "date": "1579312628", 
        "tid": "14385069", 
        "price": "120821000", 
        "type": "buy", 
        "amount": "0.00272314"
    }, 
    {
        "date": "1579312593", 
        "tid": "14385068", 
        "price": "120821000", 
        "type": "buy", 
        "amount": "0.00090771"
    }, 
    {
        "date": "1579312590", 
        "tid": "14385067", 
        "price": "120821000", 
        "type": "buy", 
        "amount": "0.00437353"
    }, 
    {
        "date": "1579312579", 
        "tid": "14385066", 
        "price": "120850000", 
        "type": "buy", 
        "amount": "0.00021182"
    }, 
    {
        "date": "1579312579", 
        "tid": "14385065", 
        "price": "120821000", 
        "type": "buy", 
        "amount": "0.00020899"
    }, 
    {
        "date": "1579312560", 
        "tid": "14385064", 
        "price": "120798000", 
        "type": "sell", 
        "amount": "0.00100091"
    }, 
    {
        "date": "1579312558", 
        "tid": "14385063", 
        "price": "120798000", 
        "type": "sell", 
        "amount": "0.00633102"
    }, 
    {
        "date": "1579312555", 
        "tid": "14385062", 
        "price": "120821000", 
        "type": "buy", 
        "amount": "0.00074267"
    }, 
    {
        "date": "1579312552", 
        "tid": "14385061", 
        "price": "120821000", 
        "type": "buy", 
        "amount": "0.00354834"
    }, 
    {
        "date": "1579312474", 
        "tid": "14385060", 
        "price": "120798000", 
        "type": "sell", 
        "amount": "0.00150000"
    }, 
    {
        "date": "1579312380", 
        "tid": "14385059", 
        "price": "120798000", 
        "type": "buy", 
        "amount": "0.13205635"
    }, 
    {
        "date": "1579312290", 
        "tid": "14385058", 
        "price": "120870000", 
        "type": "buy", 
        "amount": "0.00041243"
    }, 
    {
        "date": "1579312245", 
        "tid": "14385057", 
        "price": "120899000", 
        "type": "buy", 
        "amount": "0.01751190"
    }, 
    {
        "date": "1579312245", 
        "tid": "14385056", 
        "price": "120893000", 
        "type": "buy", 
        "amount": "0.00150491"
    }, 
    {
        "date": "1579312245", 
        "tid": "14385055", 
        "price": "120892000", 
        "type": "buy", 
        "amount": "0.00085996"
    }, 
    {
        "date": "1579312245", 
        "tid": "14385054", 
        "price": "120800000", 
        "type": "buy", 
        "amount": "0.05933959"
    }, 
    {
        "date": "1579312236", 
        "tid": "14385053", 
        "price": "120800000", 
        "type": "buy", 
        "amount": "0.01471427"
    }, 
    {
        "date": "1579312236", 
        "tid": "14385052", 
        "price": "120799000", 
        "type": "buy", 
        "amount": "0.00674460"
    }, 
    {
        "date": "1579312216", 
        "tid": "14385051", 
        "price": "120799000", 
        "type": "sell", 
        "amount": "0.00942811"
    }, 
    {
        "date": "1579312167", 
        "tid": "14385050", 
        "price": "120790000", 
        "type": "sell", 
        "amount": "0.00298945"
    }, 
    {
        "date": "1579312096", 
        "tid": "14385049", 
        "price": "120790000", 
        "type": "sell", 
        "amount": "0.01120000"
    }, 
    {
        "date": "1579312059", 
        "tid": "14385048", 
        "price": "120799000", 
        "type": "buy", 
        "amount": "0.00203035"
    }, 
    {
        "date": "1579312025", 
        "tid": "14385047", 
        "price": "120790000", 
        "type": "sell", 
        "amount": "0.00298945"
    }, 
    {
        "date": "1579311937", 
        "tid": "14385046", 
        "price": "120757000", 
        "type": "sell", 
        "amount": "0.00261032"
    }, 
    {
        "date": "1579311912", 
        "tid": "14385045", 
        "price": "120800000", 
        "type": "sell", 
        "amount": "0.06216254"
    }, 
    {
        "date": "1579311908", 
        "tid": "14385044", 
        "price": "120801000", 
        "type": "sell", 
        "amount": "0.00074469"
    }, 
    {
        "date": "1579311898", 
        "tid": "14385043", 
        "price": "120816000", 
        "type": "buy", 
        "amount": "0.11545364"
    }, 
    {
        "date": "1579311895", 
        "tid": "14385042", 
        "price": "120816000", 
        "type": "sell", 
        "amount": "0.00244472"
    }, 
    {
        "date": "1579311887", 
        "tid": "14385041", 
        "price": "120843000", 
        "type": "sell", 
        "amount": "0.00112200"
    }, 
    {
        "date": "1579311879", 
        "tid": "14385040", 
        "price": "120867000", 
        "type": "sell", 
        "amount": "0.11036591"
    }, 
    {
        "date": "1579311865", 
        "tid": "14385039", 
        "price": "120891000", 
        "type": "buy", 
        "amount": "0.00327413"
    }, 
    {
        "date": "1579311848", 
        "tid": "14385038", 
        "price": "120899000", 
        "type": "buy", 
        "amount": "0.00042058"
    }, 
    {
        "date": "1579311842", 
        "tid": "14385037", 
        "price": "120900000", 
        "type": "sell", 
        "amount": "0.12271389"
    }, 
    {
        "date": "1579311820", 
        "tid": "14385036", 
        "price": "120999000", 
        "type": "buy", 
        "amount": "0.00411991"
    }, 
    {
        "date": "1579311820", 
        "tid": "14385035", 
        "price": "120999000", 
        "type": "sell", 
        "amount": "0.72266222"
    }, 
    {
        "date": "1579311816", 
        "tid": "14385034", 
        "price": "121000000", 
        "type": "sell", 
        "amount": "0.02620899"
    }, 
    {
        "date": "1579311808", 
        "tid": "14385033", 
        "price": "121020000", 
        "type": "sell", 
        "amount": "0.07354472"
    }, 
    {
        "date": "1579311800", 
        "tid": "14385032", 
        "price": "121037000", 
        "type": "sell", 
        "amount": "0.00074469"
    }, 
    {
        "date": "1579311793", 
        "tid": "14385031", 
        "price": "121045000", 
        "type": "sell", 
        "amount": "0.09546733"
    }, 
    {
        "date": "1579311787", 
        "tid": "14385030", 
        "price": "121046000", 
        "type": "buy", 
        "amount": "0.09902180"
    }, 
    {
        "date": "1579311785", 
        "tid": "14385029", 
        "price": "121069000", 
        "type": "sell", 
        "amount": "0.00112199"
    }, 
    {
        "date": "1579311776", 
        "tid": "14385028", 
        "price": "121100000", 
        "type": "sell", 
        "amount": "0.02143291"
    }, 
    {
        "date": "1579311773", 
        "tid": "14385027", 
        "price": "121100000", 
        "type": "sell", 
        "amount": "0.00334000"
    }, 
    {
        "date": "1579311770", 
        "tid": "14385026", 
        "price": "121124000", 
        "type": "buy", 
        "amount": "0.11036889"
    }, 
    {
        "date": "1579311766", 
        "tid": "14385025", 
        "price": "121124000", 
        "type": "sell", 
        "amount": "0.04011814"
    }, 
    {
        "date": "1579311739", 
        "tid": "14385024", 
        "price": "121124000", 
        "type": "sell", 
        "amount": "0.00116187"
    }, 
    {
        "date": "1579311739", 
        "tid": "14385023", 
        "price": "121125000", 
        "type": "sell", 
        "amount": "0.03610435"
    }, 
    {
        "date": "1579311739", 
        "tid": "14385022", 
        "price": "121142000", 
        "type": "sell", 
        "amount": "0.00373030"
    }, 
    {
        "date": "1579311650", 
        "tid": "14385021", 
        "price": "121145000", 
        "type": "buy", 
        "amount": "0.00224058"
    }, 
    {
        "date": "1579311507", 
        "tid": "14385020", 
        "price": "121125000", 
        "type": "sell", 
        "amount": "0.02887281"
    }, 
    {
        "date": "1579311507", 
        "tid": "14385019", 
        "price": "121144000", 
        "type": "sell", 
        "amount": "0.10769999"
    }, 
    {
        "date": "1579311492", 
        "tid": "14385018", 
        "price": "121145000", 
        "type": "sell", 
        "amount": "0.01759422"
    }, 
    {
        "date": "1579311492", 
        "tid": "14385017", 
        "price": "121200000", 
        "type": "sell", 
        "amount": "0.02475247"
    }, 
    {
        "date": "1579311464", 
        "tid": "14385016", 
        "price": "121294000", 
        "type": "buy", 
        "amount": "0.00634188"
    }, 
    {
        "date": "1579311417", 
        "tid": "14385015", 
        "price": "121294000", 
        "type": "buy", 
        "amount": "0.00809647"
    }, 
    {
        "date": "1579311376", 
        "tid": "14385014", 
        "price": "121123000", 
        "type": "sell", 
        "amount": "0.00060884"
    }, 
    {
        "date": "1579311376", 
        "tid": "14385013", 
        "price": "121294000", 
        "type": "buy", 
        "amount": "0.00082199"
    }, 
    {
        "date": "1579311308", 
        "tid": "14385012", 
        "price": "121294000", 
        "type": "buy", 
        "amount": "0.00082197"
    }, 
    {
        "date": "1579311267", 
        "tid": "14385011", 
        "price": "121278000", 
        "type": "buy", 
        "amount": "0.13666204"
    }, 
    {
        "date": "1579311267", 
        "tid": "14385010", 
        "price": "121277000", 
        "type": "buy", 
        "amount": "0.12398634"
    }, 
    {
        "date": "1579311267", 
        "tid": "14385009", 
        "price": "121272000", 
        "type": "buy", 
        "amount": "0.00074470"
    }, 
    {
        "date": "1579311267", 
        "tid": "14385008", 
        "price": "121250000", 
        "type": "buy", 
        "amount": "0.00050472"
    }, 
    {
        "date": "1579311267", 
        "tid": "14385007", 
        "price": "121230000", 
        "type": "buy", 
        "amount": "0.00098563"
    }, 
    {
        "date": "1579311267", 
        "tid": "14385006", 
        "price": "121224000", 
        "type": "buy", 
        "amount": "0.00244472"
    }, 
    {
        "date": "1579311267", 
        "tid": "14385005", 
        "price": "121170000", 
        "type": "buy", 
        "amount": "0.08229710"
    }, 
    {
        "date": "1579311267", 
        "tid": "14385004", 
        "price": "121165000", 
        "type": "buy", 
        "amount": "0.00041493"
    }, 
    {
        "date": "1579311267", 
        "tid": "14385003", 
        "price": "121160000", 
        "type": "buy", 
        "amount": "0.05814200"
    }, 
    {
        "date": "1579311267", 
        "tid": "14385002", 
        "price": "121123000", 
        "type": "buy", 
        "amount": "0.00500000"
    }, 
    {
        "date": "1579311221", 
        "tid": "14385001", 
        "price": "121122000", 
        "type": "sell", 
        "amount": "0.00234300"
    }, 
    {
        "date": "1579311209", 
        "tid": "14385000", 
        "price": "121122000", 
        "type": "sell", 
        "amount": "0.00153469"
    }, 
    {
        "date": "1579311202", 
        "tid": "14384999", 
        "price": "121160000", 
        "type": "buy", 
        "amount": "0.00822885"
    }, 
    {
        "date": "1579311126", 
        "tid": "14384998", 
        "price": "121123000", 
        "type": "sell", 
        "amount": "0.00273143"
    }, 
    {
        "date": "1579311112", 
        "tid": "14384997", 
        "price": "121123000", 
        "type": "sell", 
        "amount": "0.06293420"
    }, 
    {
        "date": "1579311105", 
        "tid": "14384996", 
        "price": "121160000", 
        "type": "buy", 
        "amount": "0.00922526"
    }, 
    {
        "date": "1579311105", 
        "tid": "14384995", 
        "price": "121159000", 
        "type": "buy", 
        "amount": "0.02114767"
    }, 
    {
        "date": "1579311060", 
        "tid": "14384994", 
        "price": "121000000", 
        "type": "sell", 
        "amount": "0.00844662"
    }, 
    {
        "date": "1579311060", 
        "tid": "14384993", 
        "price": "121007000", 
        "type": "sell", 
        "amount": "0.00320340"
    }, 
    {
        "date": "1579311060", 
        "tid": "14384992", 
        "price": "121008000", 
        "type": "sell", 
        "amount": "0.00300303"
    }, 
    {
        "date": "1579311060", 
        "tid": "14384991", 
        "price": "121009000", 
        "type": "sell", 
        "amount": "0.00171600"
    }, 
    {
        "date": "1579311060", 
        "tid": "14384990", 
        "price": "121104000", 
        "type": "sell", 
        "amount": "0.07539999"
    }, 
    {
        "date": "1579311060", 
        "tid": "14384989", 
        "price": "121157000", 
        "type": "sell", 
        "amount": "0.04804096"
    }, 
    {
        "date": "1579310988", 
        "tid": "14384988", 
        "price": "121000000", 
        "type": "sell", 
        "amount": "0.02300928"
    }, 
    {
        "date": "1579310969", 
        "tid": "14384987", 
        "price": "121000000", 
        "type": "sell", 
        "amount": "0.00605729"
    }, 
    {
        "date": "1579310967", 
        "tid": "14384986", 
        "price": "121000000", 
        "type": "sell", 
        "amount": "0.01165318"
    }, 
    {
        "date": "1579310960", 
        "tid": "14384985", 
        "price": "121000000", 
        "type": "sell", 
        "amount": "0.01013667"
    }, 
    {
        "date": "1579310940", 
        "tid": "14384984", 
        "price": "121000000", 
        "type": "sell", 
        "amount": "0.00832319"
    }, 
    {
        "date": "1579310940", 
        "tid": "14384983", 
        "price": "121055000", 
        "type": "sell", 
        "amount": "0.00637928"
    }, 
    {
        "date": "1579310940", 
        "tid": "14384982", 
        "price": "121158000", 
        "type": "sell", 
        "amount": "0.02284530"
    }, 
    {
        "date": "1579310933", 
        "tid": "14384981", 
        "price": "121158000", 
        "type": "sell", 
        "amount": "0.01721642"
    }, 
    {
        "date": "1579310925", 
        "tid": "14384980", 
        "price": "121158000", 
        "type": "sell", 
        "amount": "0.03028815"
    }, 
    {
        "date": "1579310908", 
        "tid": "14384979", 
        "price": "121158000", 
        "type": "sell", 
        "amount": "0.02532108"
    }, 
    {
        "date": "1579310900", 
        "tid": "14384978", 
        "price": "121158000", 
        "type": "sell", 
        "amount": "0.01498755"
    }, 
    {
        "date": "1579310878", 
        "tid": "14384977", 
        "price": "121158000", 
        "type": "sell", 
        "amount": "0.00749377"
    }, 
    {
        "date": "1579310839", 
        "tid": "14384976", 
        "price": "121158000", 
        "type": "sell", 
        "amount": "0.01637806"
    }, 
    {
        "date": "1579310719", 
        "tid": "14384975", 
        "price": "121158000", 
        "type": "sell", 
        "amount": "0.00050040"
    }, 
    {
        "date": "1579310706", 
        "tid": "14384974", 
        "price": "121158000", 
        "type": "sell", 
        "amount": "0.01000000"
    }, 
    {
        "date": "1579310559", 
        "tid": "14384973", 
        "price": "121159000", 
        "type": "buy", 
        "amount": "0.00822893"
    }, 
    {
        "date": "1579310494", 
        "tid": "14384972", 
        "price": "121165000", 
        "type": "buy", 
        "amount": "0.01602707"
    }, 
    {
        "date": "1579310494", 
        "tid": "14384971", 
        "price": "121159000", 
        "type": "buy", 
        "amount": "0.00649524"
    }, 
    {
        "date": "1579310431", 
        "tid": "14384970", 
        "price": "121158000", 
        "type": "sell", 
        "amount": "0.00031973"
    }, 
    {
        "date": "1579310431", 
        "tid": "14384969", 
        "price": "121165000", 
        "type": "sell", 
        "amount": "0.00047361"
    }, 
    {
        "date": "1579310369", 
        "tid": "14384968", 
        "price": "121165000", 
        "type": "sell", 
        "amount": "0.00690693"
    }, 
    {
        "date": "1579310369", 
        "tid": "14384967", 
        "price": "121166000", 
        "type": "sell", 
        "amount": "0.00083842"
    }, 
    {
        "date": "1579310366", 
        "tid": "14384966", 
        "price": "121170000", 
        "type": "buy", 
        "amount": "0.08228183"
    }, 
    {
        "date": "1579310352", 
        "tid": "14384965", 
        "price": "121165000", 
        "type": "buy", 
        "amount": "0.00835350"
    }, 
    {
        "date": "1579310334", 
        "tid": "14384964", 
        "price": "121166000", 
        "type": "buy", 
        "amount": "0.00348722"
    }, 
    {
        "date": "1579310319", 
        "tid": "14384963", 
        "price": "121166000", 
        "type": "sell", 
        "amount": "0.15000000"
    }, 
    {
        "date": "1579310318", 
        "tid": "14384962", 
        "price": "121169000", 
        "type": "buy", 
        "amount": "0.00050438"
    }, 
    {
        "date": "1579310317", 
        "tid": "14384961", 
        "price": "121168000", 
        "type": "buy", 
        "amount": "0.82283191"
    }, 
    {
        "date": "1579310316", 
        "tid": "14384960", 
        "price": "121168000", 
        "type": "buy", 
        "amount": "0.01679599"
    }, 
    {
        "date": "1579310313", 
        "tid": "14384959", 
        "price": "121170000", 
        "type": "buy", 
        "amount": "0.00172521"
    }, 
    {
        "date": "1579310313", 
        "tid": "14384958", 
        "price": "121169000", 
        "type": "buy", 
        "amount": "0.00000255"
    }, 
    {
        "date": "1579310279", 
        "tid": "14384957", 
        "price": "121169000", 
        "type": "buy", 
        "amount": "0.00084824"
    }, 
    {
        "date": "1579310240", 
        "tid": "14384956", 
        "price": "121166000", 
        "type": "sell", 
        "amount": "0.01692263"
    }, 
    {
        "date": "1579310239", 
        "tid": "14384955", 
        "price": "121000000", 
        "type": "buy", 
        "amount": "0.00041900"
    }, 
    {
        "date": "1579310237", 
        "tid": "14384954", 
        "price": "121166000", 
        "type": "buy", 
        "amount": "0.04725409"
    }, 
    {
        "date": "1579310237", 
        "tid": "14384953", 
        "price": "121165000", 
        "type": "buy", 
        "amount": "0.01214047"
    }, 
    {
        "date": "1579310237", 
        "tid": "14384952", 
        "price": "121164000", 
        "type": "buy", 
        "amount": "0.00278859"
    }, 
    {
        "date": "1579310237", 
        "tid": "14384951", 
        "price": "121163000", 
        "type": "buy", 
        "amount": "0.00214509"
    }, 
    {
        "date": "1579310237", 
        "tid": "14384950", 
        "price": "121162000", 
        "type": "buy", 
        "amount": "0.00150157"
    }, 
    {
        "date": "1579310237", 
        "tid": "14384949", 
        "price": "121161000", 
        "type": "buy", 
        "amount": "0.00085805"
    }, 
    {
        "date": "1579310237", 
        "tid": "14384948", 
        "price": "121115000", 
        "type": "buy", 
        "amount": "0.00256592"
    }, 
    {
        "date": "1579310237", 
        "tid": "14384947", 
        "price": "121109000", 
        "type": "buy", 
        "amount": "0.00048374"
    }, 
    {
        "date": "1579310237", 
        "tid": "14384946", 
        "price": "121069000", 
        "type": "buy", 
        "amount": "0.00112200"
    }, 
    {
        "date": "1579310237", 
        "tid": "14384945", 
        "price": "121037000", 
        "type": "buy", 
        "amount": "0.00074470"
    }
]