[
    {
        "date": "1579284573", 
        "tid": "14384006", 
        "price": "120351000", 
        "type": "buy", 
        "amount": "0.00227096"
    }, 
    {
        "date": "1579284573", 
        "tid": "14384005", 
        "price": "120350000", 
        "type": "buy", 
        "amount": "0.00055375"
    }, 
    {
        "date": "1579284412", 
        "tid": "14384004", 
        "price": "120351000", 
        "type": "buy", 
        "amount": "0.00104013"
    }, 
    {
        "date": "1579284412", 
        "tid": "14384003", 
        "price": "120351000", 
        "type": "buy", 
        "amount": "0.00042249"
    }, 
    {
        "date": "1579284400", 
        "tid": "14384002", 
        "price": "120352000", 
        "type": "buy", 
        "amount": "0.02188899"
    }, 
    {
        "date": "1579284400", 
        "tid": "14384001", 
        "price": "120351000", 
        "type": "buy", 
        "amount": "0.00089979"
    }, 
    {
        "date": "1579284400", 
        "tid": "14384000", 
        "price": "120330000", 
        "type": "buy", 
        "amount": "0.00074470"
    }, 
    {
        "date": "1579284372", 
        "tid": "14383999", 
        "price": "120093000", 
        "type": "sell", 
        "amount": "0.00121735"
    }, 
    {
        "date": "1579284372", 
        "tid": "14383998", 
        "price": "120094000", 
        "type": "sell", 
        "amount": "0.00244351"
    }, 
    {
        "date": "1579284368", 
        "tid": "14383997", 
        "price": "120352000", 
        "type": "buy", 
        "amount": "0.00042249"
    }, 
    {
        "date": "1579284359", 
        "tid": "14383996", 
        "price": "120352000", 
        "type": "buy", 
        "amount": "0.00042249"
    }, 
    {
        "date": "1579284353", 
        "tid": "14383995", 
        "price": "120352000", 
        "type": "buy", 
        "amount": "0.00227692"
    }, 
    {
        "date": "1579284353", 
        "tid": "14383994", 
        "price": "120351000", 
        "type": "buy", 
        "amount": "0.01048070"
    }, 
    {
        "date": "1579284351", 
        "tid": "14383993", 
        "price": "120351000", 
        "type": "buy", 
        "amount": "0.00042249"
    }, 
    {
        "date": "1579284349", 
        "tid": "14383992", 
        "price": "120352000", 
        "type": "buy", 
        "amount": "0.01963334"
    }, 
    {
        "date": "1579284346", 
        "tid": "14383991", 
        "price": "120352000", 
        "type": "buy", 
        "amount": "0.00822648"
    }, 
    {
        "date": "1579284346", 
        "tid": "14383990", 
        "price": "120351000", 
        "type": "buy", 
        "amount": "0.01132413"
    }, 
    {
        "date": "1579284346", 
        "tid": "14383989", 
        "price": "120087000", 
        "type": "sell", 
        "amount": "0.01090319"
    }, 
    {
        "date": "1579284342", 
        "tid": "14383988", 
        "price": "120351000", 
        "type": "buy", 
        "amount": "0.01872327"
    }, 
    {
        "date": "1579284342", 
        "tid": "14383987", 
        "price": "120330000", 
        "type": "buy", 
        "amount": "0.00074470"
    }, 
    {
        "date": "1579284329", 
        "tid": "14383986", 
        "price": "120086000", 
        "type": "sell", 
        "amount": "0.00315501"
    }, 
    {
        "date": "1579284329", 
        "tid": "14383985", 
        "price": "120094000", 
        "type": "sell", 
        "amount": "0.00074470"
    }, 
    {
        "date": "1579284327", 
        "tid": "14383984", 
        "price": "120351000", 
        "type": "buy", 
        "amount": "0.10794871"
    }, 
    {
        "date": "1579284327", 
        "tid": "14383983", 
        "price": "120351000", 
        "type": "buy", 
        "amount": "0.01938497"
    }, 
    {
        "date": "1579284325", 
        "tid": "14383982", 
        "price": "120351000", 
        "type": "buy", 
        "amount": "0.00042249"
    }, 
    {
        "date": "1579284321", 
        "tid": "14383981", 
        "price": "120085000", 
        "type": "sell", 
        "amount": "0.01596245"
    }, 
    {
        "date": "1579284321", 
        "tid": "14383980", 
        "price": "120086000", 
        "type": "sell", 
        "amount": "0.01428050"
    }, 
    {
        "date": "1579284321", 
        "tid": "14383979", 
        "price": "120086000", 
        "type": "sell", 
        "amount": "0.00049787"
    }, 
    {
        "date": "1579284320", 
        "tid": "14383978", 
        "price": "120351000", 
        "type": "buy", 
        "amount": "0.00573257"
    }, 
    {
        "date": "1579284317", 
        "tid": "14383977", 
        "price": "120351000", 
        "type": "buy", 
        "amount": "0.01474583"
    }, 
    {
        "date": "1579284313", 
        "tid": "14383976", 
        "price": "120351000", 
        "type": "buy", 
        "amount": "0.01474583"
    }, 
    {
        "date": "1579284313", 
        "tid": "14383975", 
        "price": "120085000", 
        "type": "sell", 
        "amount": "0.01543982"
    }, 
    {
        "date": "1579284310", 
        "tid": "14383974", 
        "price": "120351000", 
        "type": "buy", 
        "amount": "0.01226160"
    }, 
    {
        "date": "1579284310", 
        "tid": "14383973", 
        "price": "120330000", 
        "type": "buy", 
        "amount": "0.00074470"
    }, 
    {
        "date": "1579284303", 
        "tid": "14383972", 
        "price": "120085000", 
        "type": "sell", 
        "amount": "0.00238760"
    }, 
    {
        "date": "1579284295", 
        "tid": "14383971", 
        "price": "120085000", 
        "type": "sell", 
        "amount": "0.00435230"
    }, 
    {
        "date": "1579284295", 
        "tid": "14383970", 
        "price": "120086000", 
        "type": "sell", 
        "amount": "0.00519810"
    }, 
    {
        "date": "1579284279", 
        "tid": "14383969", 
        "price": "120086000", 
        "type": "sell", 
        "amount": "0.01437661"
    }, 
    {
        "date": "1579284279", 
        "tid": "14383968", 
        "price": "120094000", 
        "type": "sell", 
        "amount": "0.00074470"
    }, 
    {
        "date": "1579284263", 
        "tid": "14383967", 
        "price": "120392000", 
        "type": "buy", 
        "amount": "0.00026752"
    }, 
    {
        "date": "1579284263", 
        "tid": "14383966", 
        "price": "120330000", 
        "type": "buy", 
        "amount": "0.00015492"
    }, 
    {
        "date": "1579284261", 
        "tid": "14383965", 
        "price": "120330000", 
        "type": "buy", 
        "amount": "0.00058978"
    }, 
    {
        "date": "1579284188", 
        "tid": "14383964", 
        "price": "120086000", 
        "type": "sell", 
        "amount": "0.00047000"
    }, 
    {
        "date": "1579284144", 
        "tid": "14383963", 
        "price": "120083000", 
        "type": "sell", 
        "amount": "0.00425530"
    }, 
    {
        "date": "1579284144", 
        "tid": "14383962", 
        "price": "120094000", 
        "type": "sell", 
        "amount": "0.00074470"
    }, 
    {
        "date": "1579284103", 
        "tid": "14383961", 
        "price": "120367000", 
        "type": "buy", 
        "amount": "0.00047527"
    }, 
    {
        "date": "1579284100", 
        "tid": "14383960", 
        "price": "120367000", 
        "type": "buy", 
        "amount": "0.00047527"
    }, 
    {
        "date": "1579284097", 
        "tid": "14383959", 
        "price": "120367000", 
        "type": "buy", 
        "amount": "0.01391658"
    }, 
    {
        "date": "1579284097", 
        "tid": "14383958", 
        "price": "120330000", 
        "type": "buy", 
        "amount": "0.00074470"
    }, 
    {
        "date": "1579284090", 
        "tid": "14383957", 
        "price": "120296000", 
        "type": "buy", 
        "amount": "0.00038343"
    }, 
    {
        "date": "1579284090", 
        "tid": "14383956", 
        "price": "120296000", 
        "type": "buy", 
        "amount": "0.00339806"
    }, 
    {
        "date": "1579284081", 
        "tid": "14383955", 
        "price": "120296000", 
        "type": "buy", 
        "amount": "0.00042269"
    }, 
    {
        "date": "1579284080", 
        "tid": "14383954", 
        "price": "120296000", 
        "type": "buy", 
        "amount": "0.00348142"
    }, 
    {
        "date": "1579284080", 
        "tid": "14383953", 
        "price": "120290000", 
        "type": "buy", 
        "amount": "0.00177527"
    }, 
    {
        "date": "1579284080", 
        "tid": "14383952", 
        "price": "120204000", 
        "type": "buy", 
        "amount": "0.00212132"
    }, 
    {
        "date": "1579284062", 
        "tid": "14383951", 
        "price": "120082000", 
        "type": "sell", 
        "amount": "0.73651866"
    }, 
    {
        "date": "1579284062", 
        "tid": "14383950", 
        "price": "120094000", 
        "type": "sell", 
        "amount": "0.00074470"
    }, 
    {
        "date": "1579284062", 
        "tid": "14383949", 
        "price": "120103000", 
        "type": "sell", 
        "amount": "0.04579753"
    }, 
    {
        "date": "1579284062", 
        "tid": "14383948", 
        "price": "120104000", 
        "type": "sell", 
        "amount": "0.01881376"
    }, 
    {
        "date": "1579284062", 
        "tid": "14383947", 
        "price": "120105000", 
        "type": "sell", 
        "amount": "0.03525387"
    }, 
    {
        "date": "1579284062", 
        "tid": "14383946", 
        "price": "120106000", 
        "type": "sell", 
        "amount": "0.41492543"
    }, 
    {
        "date": "1579284062", 
        "tid": "14383945", 
        "price": "120107000", 
        "type": "sell", 
        "amount": "0.02053479"
    }, 
    {
        "date": "1579284062", 
        "tid": "14383944", 
        "price": "120154000", 
        "type": "sell", 
        "amount": "0.00166453"
    }, 
    {
        "date": "1579284062", 
        "tid": "14383943", 
        "price": "120166000", 
        "type": "sell", 
        "amount": "0.00112199"
    }, 
    {
        "date": "1579284062", 
        "tid": "14383942", 
        "price": "120177000", 
        "type": "sell", 
        "amount": "0.00141781"
    }, 
    {
        "date": "1579284062", 
        "tid": "14383941", 
        "price": "120186000", 
        "type": "sell", 
        "amount": "0.00383114"
    }, 
    {
        "date": "1579284051", 
        "tid": "14383940", 
        "price": "120204000", 
        "type": "buy", 
        "amount": "0.00091237"
    }, 
    {
        "date": "1579284038", 
        "tid": "14383939", 
        "price": "120204000", 
        "type": "buy", 
        "amount": "0.00042301"
    }, 
    {
        "date": "1579284008", 
        "tid": "14383938", 
        "price": "120204000", 
        "type": "buy", 
        "amount": "0.00042301"
    }, 
    {
        "date": "1579284001", 
        "tid": "14383937", 
        "price": "120186000", 
        "type": "sell", 
        "amount": "0.00794221"
    }, 
    {
        "date": "1579284000", 
        "tid": "14383936", 
        "price": "120186000", 
        "type": "sell", 
        "amount": "0.00700000"
    }, 
    {
        "date": "1579283981", 
        "tid": "14383935", 
        "price": "120204000", 
        "type": "buy", 
        "amount": "0.00829430"
    }, 
    {
        "date": "1579283979", 
        "tid": "14383934", 
        "price": "120186000", 
        "type": "buy", 
        "amount": "0.05594276"
    }, 
    {
        "date": "1579283966", 
        "tid": "14383933", 
        "price": "120177000", 
        "type": "sell", 
        "amount": "0.00274272"
    }, 
    {
        "date": "1579283962", 
        "tid": "14383932", 
        "price": "120186000", 
        "type": "sell", 
        "amount": "0.00105724"
    }, 
    {
        "date": "1579283948", 
        "tid": "14383931", 
        "price": "120186000", 
        "type": "sell", 
        "amount": "0.00051543"
    }, 
    {
        "date": "1579283947", 
        "tid": "14383930", 
        "price": "120204000", 
        "type": "buy", 
        "amount": "0.00042301"
    }, 
    {
        "date": "1579283945", 
        "tid": "14383929", 
        "price": "120186000", 
        "type": "sell", 
        "amount": "0.00192646"
    }, 
    {
        "date": "1579283918", 
        "tid": "14383928", 
        "price": "120290000", 
        "type": "buy", 
        "amount": "0.00042271"
    }, 
    {
        "date": "1579283910", 
        "tid": "14383927", 
        "price": "120204000", 
        "type": "buy", 
        "amount": "0.00145545"
    }, 
    {
        "date": "1579283906", 
        "tid": "14383926", 
        "price": "120204000", 
        "type": "buy", 
        "amount": "0.00812842"
    }, 
    {
        "date": "1579283894", 
        "tid": "14383925", 
        "price": "120186000", 
        "type": "sell", 
        "amount": "0.00436000"
    }, 
    {
        "date": "1579283844", 
        "tid": "14383924", 
        "price": "120204000", 
        "type": "buy", 
        "amount": "0.00178327"
    }, 
    {
        "date": "1579283740", 
        "tid": "14383923", 
        "price": "120186000", 
        "type": "sell", 
        "amount": "0.08005435"
    }, 
    {
        "date": "1579283740", 
        "tid": "14383922", 
        "price": "120203000", 
        "type": "sell", 
        "amount": "0.06948989"
    }, 
    {
        "date": "1579283730", 
        "tid": "14383921", 
        "price": "120203000", 
        "type": "sell", 
        "amount": "0.00603355"
    }, 
    {
        "date": "1579283640", 
        "tid": "14383920", 
        "price": "120204000", 
        "type": "buy", 
        "amount": "0.01137908"
    }, 
    {
        "date": "1579283598", 
        "tid": "14383919", 
        "price": "120296000", 
        "type": "buy", 
        "amount": "0.01657592"
    }, 
    {
        "date": "1579283477", 
        "tid": "14383918", 
        "price": "120299000", 
        "type": "buy", 
        "amount": "0.00392650"
    }, 
    {
        "date": "1579283477", 
        "tid": "14383917", 
        "price": "120252000", 
        "type": "buy", 
        "amount": "0.00100000"
    }, 
    {
        "date": "1579283477", 
        "tid": "14383916", 
        "price": "120251000", 
        "type": "buy", 
        "amount": "0.00005296"
    }, 
    {
        "date": "1579283477", 
        "tid": "14383915", 
        "price": "120204000", 
        "type": "buy", 
        "amount": "0.00348964"
    }, 
    {
        "date": "1579283395", 
        "tid": "14383914", 
        "price": "120204000", 
        "type": "buy", 
        "amount": "0.00042301"
    }, 
    {
        "date": "1579283392", 
        "tid": "14383913", 
        "price": "120204000", 
        "type": "buy", 
        "amount": "0.00223946"
    }, 
    {
        "date": "1579283389", 
        "tid": "14383912", 
        "price": "120204000", 
        "type": "buy", 
        "amount": "0.02582313"
    }, 
    {
        "date": "1579283337", 
        "tid": "14383911", 
        "price": "120204000", 
        "type": "buy", 
        "amount": "0.00124415"
    }, 
    {
        "date": "1579283305", 
        "tid": "14383910", 
        "price": "120204000", 
        "type": "buy", 
        "amount": "0.00045619"
    }, 
    {
        "date": "1579283180", 
        "tid": "14383909", 
        "price": "120203000", 
        "type": "sell", 
        "amount": "0.00774500"
    }, 
    {
        "date": "1579283155", 
        "tid": "14383908", 
        "price": "120203000", 
        "type": "sell", 
        "amount": "0.00078222"
    }, 
    {
        "date": "1579283103", 
        "tid": "14383907", 
        "price": "120251000", 
        "type": "buy", 
        "amount": "0.00125942"
    }, 
    {
        "date": "1579283103", 
        "tid": "14383906", 
        "price": "120250000", 
        "type": "buy", 
        "amount": "0.00056463"
    }, 
    {
        "date": "1579283101", 
        "tid": "14383905", 
        "price": "120250000", 
        "type": "buy", 
        "amount": "0.00233580"
    }, 
    {
        "date": "1579283101", 
        "tid": "14383904", 
        "price": "120203000", 
        "type": "sell", 
        "amount": "0.00746120"
    }, 
    {
        "date": "1579283101", 
        "tid": "14383903", 
        "price": "120204000", 
        "type": "sell", 
        "amount": "0.00084310"
    }, 
    {
        "date": "1579283076", 
        "tid": "14383902", 
        "price": "120250000", 
        "type": "sell", 
        "amount": "0.00209957"
    }, 
    {
        "date": "1579283038", 
        "tid": "14383901", 
        "price": "120251000", 
        "type": "buy", 
        "amount": "0.00414553"
    }, 
    {
        "date": "1579282841", 
        "tid": "14383900", 
        "price": "120250000", 
        "type": "sell", 
        "amount": "0.02594146"
    }, 
    {
        "date": "1579282530", 
        "tid": "14383899", 
        "price": "120204000", 
        "type": "sell", 
        "amount": "0.00160162"
    }, 
    {
        "date": "1579282530", 
        "tid": "14383898", 
        "price": "120250000", 
        "type": "sell", 
        "amount": "0.16619086"
    }, 
    {
        "date": "1579282530", 
        "tid": "14383897", 
        "price": "120251000", 
        "type": "sell", 
        "amount": "0.18476752"
    }, 
    {
        "date": "1579282458", 
        "tid": "14383896", 
        "price": "120252000", 
        "type": "buy", 
        "amount": "0.00042284"
    }, 
    {
        "date": "1579282281", 
        "tid": "14383895", 
        "price": "120382000", 
        "type": "buy", 
        "amount": "0.00042238"
    }, 
    {
        "date": "1579282272", 
        "tid": "14383894", 
        "price": "120382000", 
        "type": "buy", 
        "amount": "0.00042238"
    }, 
    {
        "date": "1579282258", 
        "tid": "14383893", 
        "price": "120382000", 
        "type": "buy", 
        "amount": "0.20619717"
    }, 
    {
        "date": "1579282258", 
        "tid": "14383892", 
        "price": "120370000", 
        "type": "buy", 
        "amount": "0.00085401"
    }, 
    {
        "date": "1579282052", 
        "tid": "14383891", 
        "price": "120500000", 
        "type": "buy", 
        "amount": "0.08750401"
    }, 
    {
        "date": "1579282052", 
        "tid": "14383890", 
        "price": "120499000", 
        "type": "buy", 
        "amount": "0.06487040"
    }, 
    {
        "date": "1579282052", 
        "tid": "14383889", 
        "price": "120498000", 
        "type": "buy", 
        "amount": "0.01251742"
    }, 
    {
        "date": "1579282052", 
        "tid": "14383888", 
        "price": "120497000", 
        "type": "buy", 
        "amount": "0.00226709"
    }, 
    {
        "date": "1579282052", 
        "tid": "14383887", 
        "price": "120496000", 
        "type": "buy", 
        "amount": "0.00158698"
    }, 
    {
        "date": "1579282052", 
        "tid": "14383886", 
        "price": "120495000", 
        "type": "buy", 
        "amount": "0.00090685"
    }, 
    {
        "date": "1579282052", 
        "tid": "14383885", 
        "price": "120408000", 
        "type": "buy", 
        "amount": "0.00244472"
    }, 
    {
        "date": "1579282052", 
        "tid": "14383884", 
        "price": "120367000", 
        "type": "buy", 
        "amount": "0.00865616"
    }, 
    {
        "date": "1579282052", 
        "tid": "14383883", 
        "price": "120178000", 
        "type": "buy", 
        "amount": "0.02617708"
    }, 
    {
        "date": "1579282014", 
        "tid": "14383882", 
        "price": "120178000", 
        "type": "buy", 
        "amount": "0.00054019"
    }, 
    {
        "date": "1579281730", 
        "tid": "14383881", 
        "price": "120178000", 
        "type": "buy", 
        "amount": "0.00331844"
    }, 
    {
        "date": "1579281670", 
        "tid": "14383880", 
        "price": "120177000", 
        "type": "sell", 
        "amount": "0.00042676"
    }, 
    {
        "date": "1579281661", 
        "tid": "14383879", 
        "price": "120177000", 
        "type": "sell", 
        "amount": "0.00042725"
    }, 
    {
        "date": "1579281652", 
        "tid": "14383878", 
        "price": "120177000", 
        "type": "sell", 
        "amount": "0.00057145"
    }, 
    {
        "date": "1579281581", 
        "tid": "14383877", 
        "price": "120177000", 
        "type": "sell", 
        "amount": "0.03987672"
    }, 
    {
        "date": "1579281495", 
        "tid": "14383876", 
        "price": "120177000", 
        "type": "sell", 
        "amount": "0.01315832"
    }, 
    {
        "date": "1579281435", 
        "tid": "14383875", 
        "price": "120177000", 
        "type": "sell", 
        "amount": "0.01305897"
    }, 
    {
        "date": "1579281426", 
        "tid": "14383874", 
        "price": "120177000", 
        "type": "sell", 
        "amount": "0.11700000"
    }, 
    {
        "date": "1579281413", 
        "tid": "14383873", 
        "price": "120177000", 
        "type": "sell", 
        "amount": "0.03705252"
    }, 
    {
        "date": "1579281283", 
        "tid": "14383872", 
        "price": "120178000", 
        "type": "buy", 
        "amount": "0.00066369"
    }, 
    {
        "date": "1579281197", 
        "tid": "14383871", 
        "price": "120177000", 
        "type": "sell", 
        "amount": "0.01305897"
    }, 
    {
        "date": "1579281195", 
        "tid": "14383870", 
        "price": "120177000", 
        "type": "sell", 
        "amount": "0.01017682"
    }, 
    {
        "date": "1579281145", 
        "tid": "14383869", 
        "price": "120178000", 
        "type": "buy", 
        "amount": "0.00306956"
    }, 
    {
        "date": "1579281113", 
        "tid": "14383868", 
        "price": "120177000", 
        "type": "sell", 
        "amount": "0.09101270"
    }, 
    {
        "date": "1579281049", 
        "tid": "14383867", 
        "price": "120177000", 
        "type": "sell", 
        "amount": "0.01094088"
    }, 
    {
        "date": "1579280950", 
        "tid": "14383866", 
        "price": "120178000", 
        "type": "buy", 
        "amount": "0.00104835"
    }, 
    {
        "date": "1579280933", 
        "tid": "14383865", 
        "price": "120178000", 
        "type": "buy", 
        "amount": "0.00082962"
    }, 
    {
        "date": "1579280912", 
        "tid": "14383864", 
        "price": "120177000", 
        "type": "sell", 
        "amount": "0.00084557"
    }, 
    {
        "date": "1579280840", 
        "tid": "14383863", 
        "price": "120178000", 
        "type": "buy", 
        "amount": "0.00622209"
    }, 
    {
        "date": "1579280839", 
        "tid": "14383862", 
        "price": "120177000", 
        "type": "sell", 
        "amount": "0.01306734"
    }, 
    {
        "date": "1579280791", 
        "tid": "14383861", 
        "price": "120177000", 
        "type": "sell", 
        "amount": "0.00646519"
    }, 
    {
        "date": "1579280775", 
        "tid": "14383860", 
        "price": "120177000", 
        "type": "sell", 
        "amount": "0.00484889"
    }, 
    {
        "date": "1579280713", 
        "tid": "14383859", 
        "price": "120178000", 
        "type": "buy", 
        "amount": "0.00061770"
    }, 
    {
        "date": "1579280504", 
        "tid": "14383858", 
        "price": "120178000", 
        "type": "buy", 
        "amount": "0.00829610"
    }, 
    {
        "date": "1579280502", 
        "tid": "14383857", 
        "price": "120177000", 
        "type": "sell", 
        "amount": "0.02500020"
    }
]