[
    {
        "date": "1579294859", 
        "tid": "14384376", 
        "price": "120247000", 
        "type": "buy", 
        "amount": "0.00241543"
    }, 
    {
        "date": "1579294854", 
        "tid": "14384375", 
        "price": "120247000", 
        "type": "buy", 
        "amount": "0.00241540"
    }, 
    {
        "date": "1579294848", 
        "tid": "14384374", 
        "price": "120247000", 
        "type": "buy", 
        "amount": "0.00241601"
    }, 
    {
        "date": "1579294843", 
        "tid": "14384373", 
        "price": "120247000", 
        "type": "buy", 
        "amount": "0.00085603"
    }, 
    {
        "date": "1579294843", 
        "tid": "14384372", 
        "price": "120167000", 
        "type": "buy", 
        "amount": "0.00155883"
    }, 
    {
        "date": "1579294837", 
        "tid": "14384371", 
        "price": "120167000", 
        "type": "buy", 
        "amount": "0.00241574"
    }, 
    {
        "date": "1579294832", 
        "tid": "14384370", 
        "price": "120167000", 
        "type": "buy", 
        "amount": "0.00240939"
    }, 
    {
        "date": "1579294826", 
        "tid": "14384369", 
        "price": "120167000", 
        "type": "buy", 
        "amount": "0.00253620"
    }, 
    {
        "date": "1579294748", 
        "tid": "14384368", 
        "price": "120267000", 
        "type": "buy", 
        "amount": "0.00994795"
    }, 
    {
        "date": "1579294200", 
        "tid": "14384367", 
        "price": "120038000", 
        "type": "sell", 
        "amount": "0.38466816"
    }, 
    {
        "date": "1579294200", 
        "tid": "14384366", 
        "price": "120039000", 
        "type": "sell", 
        "amount": "0.14233184"
    }, 
    {
        "date": "1579294196", 
        "tid": "14384365", 
        "price": "120406000", 
        "type": "buy", 
        "amount": "0.14105341"
    }, 
    {
        "date": "1579294196", 
        "tid": "14384364", 
        "price": "120402000", 
        "type": "buy", 
        "amount": "0.00213323"
    }, 
    {
        "date": "1579294196", 
        "tid": "14384363", 
        "price": "120392000", 
        "type": "buy", 
        "amount": "0.00112200"
    }, 
    {
        "date": "1579294196", 
        "tid": "14384362", 
        "price": "120384000", 
        "type": "buy", 
        "amount": "0.00053671"
    }, 
    {
        "date": "1579294196", 
        "tid": "14384361", 
        "price": "120351000", 
        "type": "buy", 
        "amount": "0.00067890"
    }, 
    {
        "date": "1579294196", 
        "tid": "14384360", 
        "price": "120339000", 
        "type": "buy", 
        "amount": "0.00156020"
    }, 
    {
        "date": "1579294196", 
        "tid": "14384359", 
        "price": "120338000", 
        "type": "buy", 
        "amount": "0.00403903"
    }, 
    {
        "date": "1579294196", 
        "tid": "14384358", 
        "price": "120330000", 
        "type": "buy", 
        "amount": "0.00170464"
    }, 
    {
        "date": "1579294196", 
        "tid": "14384357", 
        "price": "120267000", 
        "type": "buy", 
        "amount": "0.00044034"
    }, 
    {
        "date": "1579294196", 
        "tid": "14384356", 
        "price": "120250000", 
        "type": "buy", 
        "amount": "0.00050472"
    }, 
    {
        "date": "1579294196", 
        "tid": "14384355", 
        "price": "120204000", 
        "type": "buy", 
        "amount": "0.00244472"
    }, 
    {
        "date": "1579294196", 
        "tid": "14384354", 
        "price": "120166000", 
        "type": "buy", 
        "amount": "0.00112200"
    }, 
    {
        "date": "1579294095", 
        "tid": "14384353", 
        "price": "119919000", 
        "type": "sell", 
        "amount": "0.24675000"
    }, 
    {
        "date": "1579294005", 
        "tid": "14384352", 
        "price": "120138000", 
        "type": "buy", 
        "amount": "0.00042324"
    }, 
    {
        "date": "1579293996", 
        "tid": "14384351", 
        "price": "120138000", 
        "type": "buy", 
        "amount": "0.00042324"
    }, 
    {
        "date": "1579293896", 
        "tid": "14384350", 
        "price": "119876000", 
        "type": "sell", 
        "amount": "0.00674538"
    }, 
    {
        "date": "1579293896", 
        "tid": "14384349", 
        "price": "119901000", 
        "type": "sell", 
        "amount": "0.00044033"
    }, 
    {
        "date": "1579293896", 
        "tid": "14384348", 
        "price": "119941000", 
        "type": "sell", 
        "amount": "0.00112199"
    }, 
    {
        "date": "1579293896", 
        "tid": "14384347", 
        "price": "119999000", 
        "type": "sell", 
        "amount": "0.00244473"
    }, 
    {
        "date": "1579293896", 
        "tid": "14384346", 
        "price": "120000000", 
        "type": "sell", 
        "amount": "0.00050471"
    }, 
    {
        "date": "1579293896", 
        "tid": "14384345", 
        "price": "120094000", 
        "type": "sell", 
        "amount": "0.00074470"
    }, 
    {
        "date": "1579293665", 
        "tid": "14384344", 
        "price": "120139000", 
        "type": "buy", 
        "amount": "0.00041494"
    }, 
    {
        "date": "1579293647", 
        "tid": "14384343", 
        "price": "120139000", 
        "type": "buy", 
        "amount": "0.00157677"
    }, 
    {
        "date": "1579293644", 
        "tid": "14384342", 
        "price": "120139000", 
        "type": "buy", 
        "amount": "0.00348549"
    }, 
    {
        "date": "1579293581", 
        "tid": "14384341", 
        "price": "120330000", 
        "type": "buy", 
        "amount": "0.00113653"
    }, 
    {
        "date": "1579293304", 
        "tid": "14384340", 
        "price": "120330000", 
        "type": "buy", 
        "amount": "0.00042130"
    }, 
    {
        "date": "1579292912", 
        "tid": "14384339", 
        "price": "120094000", 
        "type": "sell", 
        "amount": "0.00420619"
    }, 
    {
        "date": "1579292830", 
        "tid": "14384338", 
        "price": "120338000", 
        "type": "buy", 
        "amount": "0.00042254"
    }, 
    {
        "date": "1579292688", 
        "tid": "14384337", 
        "price": "120224000", 
        "type": "sell", 
        "amount": "0.11442657"
    }, 
    {
        "date": "1579292688", 
        "tid": "14384336", 
        "price": "120329000", 
        "type": "sell", 
        "amount": "0.00057343"
    }, 
    {
        "date": "1579292656", 
        "tid": "14384335", 
        "price": "120339000", 
        "type": "buy", 
        "amount": "0.00081607"
    }, 
    {
        "date": "1579292415", 
        "tid": "14384334", 
        "price": "120339000", 
        "type": "buy", 
        "amount": "0.00148964"
    }, 
    {
        "date": "1579292415", 
        "tid": "14384333", 
        "price": "120330000", 
        "type": "buy", 
        "amount": "0.01508154"
    }, 
    {
        "date": "1579291676", 
        "tid": "14384332", 
        "price": "120329000", 
        "type": "sell", 
        "amount": "0.01540806"
    }, 
    {
        "date": "1579291558", 
        "tid": "14384331", 
        "price": "120330000", 
        "type": "buy", 
        "amount": "0.01333856"
    }, 
    {
        "date": "1579291558", 
        "tid": "14384330", 
        "price": "120267000", 
        "type": "buy", 
        "amount": "0.00044034"
    }, 
    {
        "date": "1579291558", 
        "tid": "14384329", 
        "price": "120250000", 
        "type": "buy", 
        "amount": "0.00050472"
    }, 
    {
        "date": "1579291558", 
        "tid": "14384328", 
        "price": "120204000", 
        "type": "buy", 
        "amount": "0.00244472"
    }, 
    {
        "date": "1579291558", 
        "tid": "14384327", 
        "price": "120169000", 
        "type": "buy", 
        "amount": "0.00311004"
    }, 
    {
        "date": "1579291558", 
        "tid": "14384326", 
        "price": "120073000", 
        "type": "buy", 
        "amount": "0.00020644"
    }, 
    {
        "date": "1579291557", 
        "tid": "14384325", 
        "price": "120073000", 
        "type": "buy", 
        "amount": "0.04685942"
    }, 
    {
        "date": "1579291516", 
        "tid": "14384324", 
        "price": "120072000", 
        "type": "sell", 
        "amount": "0.00246326"
    }, 
    {
        "date": "1579291157", 
        "tid": "14384323", 
        "price": "119712000", 
        "type": "sell", 
        "amount": "0.00283975"
    }, 
    {
        "date": "1579291157", 
        "tid": "14384322", 
        "price": "120171000", 
        "type": "buy", 
        "amount": "0.01499938"
    }, 
    {
        "date": "1579291157", 
        "tid": "14384321", 
        "price": "120170000", 
        "type": "buy", 
        "amount": "0.00504227"
    }, 
    {
        "date": "1579291155", 
        "tid": "14384320", 
        "price": "120171000", 
        "type": "buy", 
        "amount": "0.06470759"
    }, 
    {
        "date": "1579291155", 
        "tid": "14384319", 
        "price": "120170000", 
        "type": "buy", 
        "amount": "0.00699106"
    }, 
    {
        "date": "1579291155", 
        "tid": "14384318", 
        "price": "120166000", 
        "type": "buy", 
        "amount": "0.00112200"
    }, 
    {
        "date": "1579291155", 
        "tid": "14384317", 
        "price": "120094000", 
        "type": "buy", 
        "amount": "0.00074470"
    }, 
    {
        "date": "1579291155", 
        "tid": "14384316", 
        "price": "120068000", 
        "type": "buy", 
        "amount": "0.01090000"
    }, 
    {
        "date": "1579291155", 
        "tid": "14384315", 
        "price": "120032000", 
        "type": "buy", 
        "amount": "0.00067890"
    }, 
    {
        "date": "1579291155", 
        "tid": "14384314", 
        "price": "120000000", 
        "type": "buy", 
        "amount": "0.00132153"
    }, 
    {
        "date": "1579291155", 
        "tid": "14384313", 
        "price": "119999000", 
        "type": "buy", 
        "amount": "0.00244472"
    }, 
    {
        "date": "1579291155", 
        "tid": "14384312", 
        "price": "119941000", 
        "type": "buy", 
        "amount": "0.00112200"
    }, 
    {
        "date": "1579291151", 
        "tid": "14384311", 
        "price": "119711000", 
        "type": "buy", 
        "amount": "0.30000000"
    }, 
    {
        "date": "1579291060", 
        "tid": "14384310", 
        "price": "119710000", 
        "type": "sell", 
        "amount": "0.00226529"
    }, 
    {
        "date": "1579290978", 
        "tid": "14384309", 
        "price": "119710000", 
        "type": "sell", 
        "amount": "0.00055812"
    }, 
    {
        "date": "1579290975", 
        "tid": "14384308", 
        "price": "119710000", 
        "type": "sell", 
        "amount": "0.00221886"
    }, 
    {
        "date": "1579290925", 
        "tid": "14384307", 
        "price": "119860000", 
        "type": "buy", 
        "amount": "0.00049909"
    }, 
    {
        "date": "1579290923", 
        "tid": "14384306", 
        "price": "119860000", 
        "type": "buy", 
        "amount": "0.00944428"
    }, 
    {
        "date": "1579290923", 
        "tid": "14384305", 
        "price": "119859000", 
        "type": "buy", 
        "amount": "0.05908533"
    }, 
    {
        "date": "1579290891", 
        "tid": "14384304", 
        "price": "119701000", 
        "type": "sell", 
        "amount": "0.03707034"
    }, 
    {
        "date": "1579290883", 
        "tid": "14384303", 
        "price": "119701000", 
        "type": "sell", 
        "amount": "0.00007184"
    }, 
    {
        "date": "1579290883", 
        "tid": "14384302", 
        "price": "119713000", 
        "type": "sell", 
        "amount": "0.01994717"
    }, 
    {
        "date": "1579290883", 
        "tid": "14384301", 
        "price": "119715000", 
        "type": "sell", 
        "amount": "0.00112199"
    }, 
    {
        "date": "1579290883", 
        "tid": "14384300", 
        "price": "119750000", 
        "type": "sell", 
        "amount": "0.00050471"
    }, 
    {
        "date": "1579290883", 
        "tid": "14384299", 
        "price": "119795000", 
        "type": "sell", 
        "amount": "0.00244473"
    }, 
    {
        "date": "1579290865", 
        "tid": "14384298", 
        "price": "119859000", 
        "type": "buy", 
        "amount": "0.03528573"
    }, 
    {
        "date": "1579290860", 
        "tid": "14384297", 
        "price": "119800000", 
        "type": "sell", 
        "amount": "0.01703262"
    }, 
    {
        "date": "1579290860", 
        "tid": "14384296", 
        "price": "119840000", 
        "type": "sell", 
        "amount": "0.00078567"
    }, 
    {
        "date": "1579290852", 
        "tid": "14384295", 
        "price": "119840000", 
        "type": "sell", 
        "amount": "0.00003114"
    }, 
    {
        "date": "1579290852", 
        "tid": "14384294", 
        "price": "119858000", 
        "type": "sell", 
        "amount": "0.00491629"
    }, 
    {
        "date": "1579290852", 
        "tid": "14384293", 
        "price": "119859000", 
        "type": "sell", 
        "amount": "0.00550668"
    }, 
    {
        "date": "1579290809", 
        "tid": "14384292", 
        "price": "120053000", 
        "type": "buy", 
        "amount": "0.40809242"
    }, 
    {
        "date": "1579290809", 
        "tid": "14384291", 
        "price": "120048000", 
        "type": "buy", 
        "amount": "0.00084574"
    }, 
    {
        "date": "1579290809", 
        "tid": "14384290", 
        "price": "120032000", 
        "type": "buy", 
        "amount": "0.00630000"
    }, 
    {
        "date": "1579290750", 
        "tid": "14384289", 
        "price": "119868000", 
        "type": "sell", 
        "amount": "0.00107932"
    }, 
    {
        "date": "1579290715", 
        "tid": "14384288", 
        "price": "119871000", 
        "type": "buy", 
        "amount": "0.00662231"
    }, 
    {
        "date": "1579290703", 
        "tid": "14384287", 
        "price": "120031000", 
        "type": "buy", 
        "amount": "0.03006128"
    }, 
    {
        "date": "1579290695", 
        "tid": "14384286", 
        "price": "119859000", 
        "type": "buy", 
        "amount": "0.00009304"
    }, 
    {
        "date": "1579290695", 
        "tid": "14384285", 
        "price": "119859000", 
        "type": "buy", 
        "amount": "0.00075403"
    }, 
    {
        "date": "1579290693", 
        "tid": "14384284", 
        "price": "119859000", 
        "type": "buy", 
        "amount": "0.01136590"
    }, 
    {
        "date": "1579290692", 
        "tid": "14384283", 
        "price": "119859000", 
        "type": "buy", 
        "amount": "0.00075403"
    }, 
    {
        "date": "1579290689", 
        "tid": "14384282", 
        "price": "119859000", 
        "type": "buy", 
        "amount": "0.02334110"
    }, 
    {
        "date": "1579290688", 
        "tid": "14384281", 
        "price": "119859000", 
        "type": "buy", 
        "amount": "0.03010442"
    }, 
    {
        "date": "1579290680", 
        "tid": "14384280", 
        "price": "119916000", 
        "type": "buy", 
        "amount": "0.01003004"
    }, 
    {
        "date": "1579290670", 
        "tid": "14384279", 
        "price": "119917000", 
        "type": "buy", 
        "amount": "0.00752246"
    }, 
    {
        "date": "1579290635", 
        "tid": "14384278", 
        "price": "120157000", 
        "type": "buy", 
        "amount": "0.00490486"
    }, 
    {
        "date": "1579290627", 
        "tid": "14384277", 
        "price": "120159000", 
        "type": "buy", 
        "amount": "0.01501464"
    }, 
    {
        "date": "1579290617", 
        "tid": "14384276", 
        "price": "120161000", 
        "type": "buy", 
        "amount": "0.00945504"
    }, 
    {
        "date": "1579290617", 
        "tid": "14384275", 
        "price": "120094000", 
        "type": "buy", 
        "amount": "0.00074470"
    }, 
    {
        "date": "1579290617", 
        "tid": "14384274", 
        "price": "120091000", 
        "type": "buy", 
        "amount": "0.00344988"
    }, 
    {
        "date": "1579290617", 
        "tid": "14384273", 
        "price": "120000000", 
        "type": "buy", 
        "amount": "0.00132153"
    }, 
    {
        "date": "1579290617", 
        "tid": "14384272", 
        "price": "119999000", 
        "type": "buy", 
        "amount": "0.00004753"
    }, 
    {
        "date": "1579290610", 
        "tid": "14384271", 
        "price": "119997000", 
        "type": "buy", 
        "amount": "0.04154308"
    }, 
    {
        "date": "1579290609", 
        "tid": "14384270", 
        "price": "119997000", 
        "type": "buy", 
        "amount": "0.00657113"
    }, 
    {
        "date": "1579290609", 
        "tid": "14384269", 
        "price": "119996000", 
        "type": "buy", 
        "amount": "0.00084610"
    }, 
    {
        "date": "1579290593", 
        "tid": "14384268", 
        "price": "119999000", 
        "type": "buy", 
        "amount": "0.00239719"
    }, 
    {
        "date": "1579290593", 
        "tid": "14384267", 
        "price": "119941000", 
        "type": "buy", 
        "amount": "0.00112200"
    }, 
    {
        "date": "1579290593", 
        "tid": "14384266", 
        "price": "119902000", 
        "type": "buy", 
        "amount": "0.00731223"
    }, 
    {
        "date": "1579290586", 
        "tid": "14384265", 
        "price": "119902000", 
        "type": "buy", 
        "amount": "0.00358777"
    }, 
    {
        "date": "1579290586", 
        "tid": "14384264", 
        "price": "119718000", 
        "type": "buy", 
        "amount": "0.00394170"
    }, 
    {
        "date": "1579290568", 
        "tid": "14384263", 
        "price": "119714000", 
        "type": "buy", 
        "amount": "0.00042474"
    }, 
    {
        "date": "1579290566", 
        "tid": "14384262", 
        "price": "119714000", 
        "type": "buy", 
        "amount": "0.00084555"
    }, 
    {
        "date": "1579290555", 
        "tid": "14384261", 
        "price": "119713000", 
        "type": "sell", 
        "amount": "0.01949650"
    }, 
    {
        "date": "1579290555", 
        "tid": "14384260", 
        "price": "119715000", 
        "type": "sell", 
        "amount": "0.00112199"
    }, 
    {
        "date": "1579290555", 
        "tid": "14384259", 
        "price": "119724000", 
        "type": "sell", 
        "amount": "0.00835254"
    }, 
    {
        "date": "1579290555", 
        "tid": "14384258", 
        "price": "119727000", 
        "type": "sell", 
        "amount": "0.00053670"
    }, 
    {
        "date": "1579290555", 
        "tid": "14384257", 
        "price": "119731000", 
        "type": "sell", 
        "amount": "0.00049227"
    }, 
    {
        "date": "1579290550", 
        "tid": "14384256", 
        "price": "119750000", 
        "type": "sell", 
        "amount": "0.03539312"
    }, 
    {
        "date": "1579290544", 
        "tid": "14384255", 
        "price": "119760000", 
        "type": "sell", 
        "amount": "0.28857663"
    }, 
    {
        "date": "1579290541", 
        "tid": "14384254", 
        "price": "119761000", 
        "type": "buy", 
        "amount": "0.12487483"
    }, 
    {
        "date": "1579290522", 
        "tid": "14384253", 
        "price": "119760000", 
        "type": "sell", 
        "amount": "0.18000000"
    }, 
    {
        "date": "1579290519", 
        "tid": "14384252", 
        "price": "119788000", 
        "type": "buy", 
        "amount": "0.00768307"
    }, 
    {
        "date": "1579290515", 
        "tid": "14384251", 
        "price": "119760000", 
        "type": "sell", 
        "amount": "0.07260880"
    }, 
    {
        "date": "1579290515", 
        "tid": "14384250", 
        "price": "119795000", 
        "type": "sell", 
        "amount": "0.00244473"
    }, 
    {
        "date": "1579290515", 
        "tid": "14384249", 
        "price": "119799000", 
        "type": "sell", 
        "amount": "0.00390446"
    }, 
    {
        "date": "1579290515", 
        "tid": "14384248", 
        "price": "119800000", 
        "type": "sell", 
        "amount": "0.06738792"
    }, 
    {
        "date": "1579290515", 
        "tid": "14384247", 
        "price": "119809000", 
        "type": "sell", 
        "amount": "0.01175685"
    }, 
    {
        "date": "1579290515", 
        "tid": "14384246", 
        "price": "119817000", 
        "type": "sell", 
        "amount": "0.08346061"
    }, 
    {
        "date": "1579290515", 
        "tid": "14384245", 
        "price": "119840000", 
        "type": "sell", 
        "amount": "0.00081680"
    }, 
    {
        "date": "1579290515", 
        "tid": "14384244", 
        "price": "119850000", 
        "type": "sell", 
        "amount": "0.00500625"
    }, 
    {
        "date": "1579290515", 
        "tid": "14384243", 
        "price": "119856000", 
        "type": "sell", 
        "amount": "0.01197962"
    }, 
    {
        "date": "1579290515", 
        "tid": "14384242", 
        "price": "119858000", 
        "type": "sell", 
        "amount": "0.00074469"
    }, 
    {
        "date": "1579290515", 
        "tid": "14384241", 
        "price": "119863000", 
        "type": "sell", 
        "amount": "0.00083428"
    }, 
    {
        "date": "1579290515", 
        "tid": "14384240", 
        "price": "119900000", 
        "type": "sell", 
        "amount": "0.00365891"
    }, 
    {
        "date": "1579290515", 
        "tid": "14384239", 
        "price": "119901000", 
        "type": "sell", 
        "amount": "0.00044033"
    }, 
    {
        "date": "1579290515", 
        "tid": "14384238", 
        "price": "119902000", 
        "type": "sell", 
        "amount": "0.01495575"
    }, 
    {
        "date": "1579290514", 
        "tid": "14384237", 
        "price": "119902000", 
        "type": "buy", 
        "amount": "0.00084677"
    }, 
    {
        "date": "1579290511", 
        "tid": "14384236", 
        "price": "119907000", 
        "type": "buy", 
        "amount": "0.06341082"
    }, 
    {
        "date": "1579290506", 
        "tid": "14384235", 
        "price": "119909000", 
        "type": "sell", 
        "amount": "0.00054281"
    }, 
    {
        "date": "1579290504", 
        "tid": "14384234", 
        "price": "119910000", 
        "type": "buy", 
        "amount": "0.00041732"
    }, 
    {
        "date": "1579290500", 
        "tid": "14384233", 
        "price": "119921000", 
        "type": "sell", 
        "amount": "0.00076829"
    }, 
    {
        "date": "1579290497", 
        "tid": "14384232", 
        "price": "119928000", 
        "type": "sell", 
        "amount": "0.00042889"
    }, 
    {
        "date": "1579290492", 
        "tid": "14384231", 
        "price": "119937000", 
        "type": "buy", 
        "amount": "0.00219347"
    }, 
    {
        "date": "1579290491", 
        "tid": "14384230", 
        "price": "119941000", 
        "type": "sell", 
        "amount": "0.00112199"
    }, 
    {
        "date": "1579290489", 
        "tid": "14384229", 
        "price": "119977000", 
        "type": "buy", 
        "amount": "0.10550377"
    }, 
    {
        "date": "1579290488", 
        "tid": "14384228", 
        "price": "119999000", 
        "type": "sell", 
        "amount": "0.00527261"
    }, 
    {
        "date": "1579290488", 
        "tid": "14384227", 
        "price": "119999000", 
        "type": "sell", 
        "amount": "0.01624440"
    }
]