[
    {
        "date": "1579265630", 
        "tid": "14383174", 
        "price": "119850000", 
        "type": "sell", 
        "amount": "0.00441165"
    }, 
    {
        "date": "1579265630", 
        "tid": "14383173", 
        "price": "119855000", 
        "type": "sell", 
        "amount": "0.00332703"
    }, 
    {
        "date": "1579265625", 
        "tid": "14383172", 
        "price": "119855000", 
        "type": "sell", 
        "amount": "0.00475150"
    }, 
    {
        "date": "1579265587", 
        "tid": "14383171", 
        "price": "119855000", 
        "type": "sell", 
        "amount": "0.09025963"
    }, 
    {
        "date": "1579265509", 
        "tid": "14383170", 
        "price": "119855000", 
        "type": "sell", 
        "amount": "0.00041564"
    }, 
    {
        "date": "1579265477", 
        "tid": "14383169", 
        "price": "119855000", 
        "type": "sell", 
        "amount": "0.01336032"
    }, 
    {
        "date": "1579265477", 
        "tid": "14383168", 
        "price": "119936000", 
        "type": "sell", 
        "amount": "0.01809424"
    }, 
    {
        "date": "1579265477", 
        "tid": "14383167", 
        "price": "119938000", 
        "type": "sell", 
        "amount": "0.01854544"
    }, 
    {
        "date": "1579265471", 
        "tid": "14383166", 
        "price": "119938000", 
        "type": "sell", 
        "amount": "0.00363294"
    }, 
    {
        "date": "1579265457", 
        "tid": "14383165", 
        "price": "120004000", 
        "type": "buy", 
        "amount": "0.00902524"
    }, 
    {
        "date": "1579265433", 
        "tid": "14383164", 
        "price": "119936000", 
        "type": "sell", 
        "amount": "0.01167711"
    }, 
    {
        "date": "1579265402", 
        "tid": "14383163", 
        "price": "119999000", 
        "type": "buy", 
        "amount": "0.04459434"
    }, 
    {
        "date": "1579265402", 
        "tid": "14383162", 
        "price": "119998000", 
        "type": "buy", 
        "amount": "0.00110231"
    }, 
    {
        "date": "1579265400", 
        "tid": "14383161", 
        "price": "119999000", 
        "type": "buy", 
        "amount": "0.00380774"
    }, 
    {
        "date": "1579265384", 
        "tid": "14383160", 
        "price": "120002000", 
        "type": "buy", 
        "amount": "0.00207707"
    }, 
    {
        "date": "1579265350", 
        "tid": "14383159", 
        "price": "119936000", 
        "type": "sell", 
        "amount": "0.02814604"
    }, 
    {
        "date": "1579265350", 
        "tid": "14383158", 
        "price": "119940000", 
        "type": "sell", 
        "amount": "0.00652429"
    }, 
    {
        "date": "1579265348", 
        "tid": "14383157", 
        "price": "119940000", 
        "type": "sell", 
        "amount": "0.01198624"
    }, 
    {
        "date": "1579265348", 
        "tid": "14383156", 
        "price": "119945000", 
        "type": "sell", 
        "amount": "0.02217709"
    }, 
    {
        "date": "1579265348", 
        "tid": "14383155", 
        "price": "119960000", 
        "type": "sell", 
        "amount": "0.00583667"
    }, 
    {
        "date": "1579265344", 
        "tid": "14383154", 
        "price": "119960000", 
        "type": "sell", 
        "amount": "0.00048191"
    }, 
    {
        "date": "1579265288", 
        "tid": "14383153", 
        "price": "120030000", 
        "type": "buy", 
        "amount": "0.00082931"
    }, 
    {
        "date": "1579265288", 
        "tid": "14383152", 
        "price": "120001000", 
        "type": "buy", 
        "amount": "0.00166666"
    }, 
    {
        "date": "1579265288", 
        "tid": "14383151", 
        "price": "120000000", 
        "type": "buy", 
        "amount": "0.02997440"
    }, 
    {
        "date": "1579265288", 
        "tid": "14383150", 
        "price": "119999000", 
        "type": "buy", 
        "amount": "0.00244472"
    }, 
    {
        "date": "1579265288", 
        "tid": "14383149", 
        "price": "119941000", 
        "type": "buy", 
        "amount": "0.60112200"
    }, 
    {
        "date": "1579265177", 
        "tid": "14383148", 
        "price": "119940000", 
        "type": "buy", 
        "amount": "0.02479634"
    }, 
    {
        "date": "1579265177", 
        "tid": "14383147", 
        "price": "119937000", 
        "type": "buy", 
        "amount": "0.01207480"
    }, 
    {
        "date": "1579264996", 
        "tid": "14383146", 
        "price": "119937000", 
        "type": "buy", 
        "amount": "0.00041564"
    }, 
    {
        "date": "1579264960", 
        "tid": "14383145", 
        "price": "119937000", 
        "type": "buy", 
        "amount": "0.00163761"
    }, 
    {
        "date": "1579264923", 
        "tid": "14383144", 
        "price": "119936000", 
        "type": "sell", 
        "amount": "0.00173383"
    }, 
    {
        "date": "1579264918", 
        "tid": "14383143", 
        "price": "119937000", 
        "type": "buy", 
        "amount": "0.00041564"
    }, 
    {
        "date": "1579264745", 
        "tid": "14383142", 
        "price": "119801000", 
        "type": "buy", 
        "amount": "0.00042758"
    }, 
    {
        "date": "1579264727", 
        "tid": "14383141", 
        "price": "119938000", 
        "type": "buy", 
        "amount": "0.01930608"
    }, 
    {
        "date": "1579264727", 
        "tid": "14383140", 
        "price": "119802000", 
        "type": "buy", 
        "amount": "0.00123890"
    }, 
    {
        "date": "1579264708", 
        "tid": "14383139", 
        "price": "119800000", 
        "type": "sell", 
        "amount": "0.00263564"
    }, 
    {
        "date": "1579264690", 
        "tid": "14383138", 
        "price": "119938000", 
        "type": "buy", 
        "amount": "0.01497429"
    }, 
    {
        "date": "1579264690", 
        "tid": "14383137", 
        "price": "119858000", 
        "type": "buy", 
        "amount": "0.00074470"
    }, 
    {
        "date": "1579264690", 
        "tid": "14383136", 
        "price": "119840000", 
        "type": "buy", 
        "amount": "0.00081681"
    }, 
    {
        "date": "1579264690", 
        "tid": "14383135", 
        "price": "119795000", 
        "type": "buy", 
        "amount": "0.00102304"
    }, 
    {
        "date": "1579264629", 
        "tid": "14383134", 
        "price": "119794000", 
        "type": "sell", 
        "amount": "0.00134362"
    }, 
    {
        "date": "1579264600", 
        "tid": "14383133", 
        "price": "119707000", 
        "type": "sell", 
        "amount": "0.00091566"
    }, 
    {
        "date": "1579264595", 
        "tid": "14383132", 
        "price": "119706000", 
        "type": "sell", 
        "amount": "0.00317938"
    }, 
    {
        "date": "1579264430", 
        "tid": "14383131", 
        "price": "119795000", 
        "type": "buy", 
        "amount": "0.00079749"
    }, 
    {
        "date": "1579264399", 
        "tid": "14383130", 
        "price": "119675000", 
        "type": "sell", 
        "amount": "0.00746998"
    }, 
    {
        "date": "1579264374", 
        "tid": "14383129", 
        "price": "119795000", 
        "type": "buy", 
        "amount": "0.00062419"
    }, 
    {
        "date": "1579264355", 
        "tid": "14383128", 
        "price": "119672000", 
        "type": "buy", 
        "amount": "0.21730000"
    }, 
    {
        "date": "1579264355", 
        "tid": "14383127", 
        "price": "119671000", 
        "type": "buy", 
        "amount": "0.05008710"
    }, 
    {
        "date": "1579264288", 
        "tid": "14383126", 
        "price": "119671000", 
        "type": "buy", 
        "amount": "0.00042489"
    }, 
    {
        "date": "1579264233", 
        "tid": "14383125", 
        "price": "119565000", 
        "type": "sell", 
        "amount": "0.00318057"
    }, 
    {
        "date": "1579264222", 
        "tid": "14383124", 
        "price": "119565000", 
        "type": "sell", 
        "amount": "0.01588910"
    }, 
    {
        "date": "1579264222", 
        "tid": "14383123", 
        "price": "119600000", 
        "type": "sell", 
        "amount": "0.26843645"
    }, 
    {
        "date": "1579264222", 
        "tid": "14383122", 
        "price": "119625000", 
        "type": "sell", 
        "amount": "0.00585161"
    }, 
    {
        "date": "1579264218", 
        "tid": "14383121", 
        "price": "119666000", 
        "type": "buy", 
        "amount": "0.00080074"
    }, 
    {
        "date": "1579264139", 
        "tid": "14383120", 
        "price": "119677000", 
        "type": "buy", 
        "amount": "0.10221014"
    }, 
    {
        "date": "1579264139", 
        "tid": "14383119", 
        "price": "119629000", 
        "type": "buy", 
        "amount": "0.00047207"
    }, 
    {
        "date": "1579264139", 
        "tid": "14383118", 
        "price": "119628000", 
        "type": "buy", 
        "amount": "0.06396082"
    }, 
    {
        "date": "1579264055", 
        "tid": "14383117", 
        "price": "119564000", 
        "type": "sell", 
        "amount": "0.00075690"
    }, 
    {
        "date": "1579264009", 
        "tid": "14383116", 
        "price": "119591000", 
        "type": "sell", 
        "amount": "0.00077589"
    }, 
    {
        "date": "1579264007", 
        "tid": "14383115", 
        "price": "119591000", 
        "type": "sell", 
        "amount": "0.00166884"
    }, 
    {
        "date": "1579263965", 
        "tid": "14383114", 
        "price": "119598000", 
        "type": "sell", 
        "amount": "0.00085020"
    }, 
    {
        "date": "1579263945", 
        "tid": "14383113", 
        "price": "119629000", 
        "type": "buy", 
        "amount": "0.00125013"
    }, 
    {
        "date": "1579263918", 
        "tid": "14383112", 
        "price": "119598000", 
        "type": "sell", 
        "amount": "0.00050326"
    }, 
    {
        "date": "1579263918", 
        "tid": "14383111", 
        "price": "119598000", 
        "type": "sell", 
        "amount": "0.00566714"
    }, 
    {
        "date": "1579263913", 
        "tid": "14383110", 
        "price": "119598000", 
        "type": "sell", 
        "amount": "0.01692263"
    }, 
    {
        "date": "1579263911", 
        "tid": "14383109", 
        "price": "119598000", 
        "type": "sell", 
        "amount": "0.00043498"
    }, 
    {
        "date": "1579263904", 
        "tid": "14383108", 
        "price": "119699000", 
        "type": "buy", 
        "amount": "0.00216575"
    }, 
    {
        "date": "1579263872", 
        "tid": "14383107", 
        "price": "119616000", 
        "type": "buy", 
        "amount": "0.00071686"
    }, 
    {
        "date": "1579263868", 
        "tid": "14383106", 
        "price": "119616000", 
        "type": "buy", 
        "amount": "0.00221048"
    }, 
    {
        "date": "1579263858", 
        "tid": "14383105", 
        "price": "119598000", 
        "type": "sell", 
        "amount": "0.00243781"
    }, 
    {
        "date": "1579263848", 
        "tid": "14383104", 
        "price": "119598000", 
        "type": "sell", 
        "amount": "0.00055248"
    }, 
    {
        "date": "1579263848", 
        "tid": "14383103", 
        "price": "119600000", 
        "type": "sell", 
        "amount": "0.05059334"
    }, 
    {
        "date": "1579263848", 
        "tid": "14383102", 
        "price": "119620000", 
        "type": "sell", 
        "amount": "0.08044660"
    }, 
    {
        "date": "1579263847", 
        "tid": "14383101", 
        "price": "119620000", 
        "type": "sell", 
        "amount": "0.00142436"
    }, 
    {
        "date": "1579263837", 
        "tid": "14383100", 
        "price": "119620000", 
        "type": "sell", 
        "amount": "0.03956585"
    }, 
    {
        "date": "1579263837", 
        "tid": "14383099", 
        "price": "119625000", 
        "type": "sell", 
        "amount": "0.00207945"
    }, 
    {
        "date": "1579263837", 
        "tid": "14383098", 
        "price": "119693000", 
        "type": "sell", 
        "amount": "0.00835470"
    }, 
    {
        "date": "1579263806", 
        "tid": "14383097", 
        "price": "119734000", 
        "type": "buy", 
        "amount": "0.01451657"
    }, 
    {
        "date": "1579263805", 
        "tid": "14383096", 
        "price": "119620000", 
        "type": "sell", 
        "amount": "0.08000000"
    }, 
    {
        "date": "1579263804", 
        "tid": "14383095", 
        "price": "119620000", 
        "type": "sell", 
        "amount": "0.00048770"
    }, 
    {
        "date": "1579263804", 
        "tid": "14383094", 
        "price": "119620000", 
        "type": "sell", 
        "amount": "0.00083305"
    }, 
    {
        "date": "1579263788", 
        "tid": "14383093", 
        "price": "119620000", 
        "type": "sell", 
        "amount": "0.21523277"
    }, 
    {
        "date": "1579263788", 
        "tid": "14383092", 
        "price": "119622000", 
        "type": "sell", 
        "amount": "0.00074470"
    }, 
    {
        "date": "1579263788", 
        "tid": "14383091", 
        "price": "119625000", 
        "type": "sell", 
        "amount": "0.00050381"
    }, 
    {
        "date": "1579263788", 
        "tid": "14383090", 
        "price": "119635000", 
        "type": "sell", 
        "amount": "0.37278092"
    }, 
    {
        "date": "1579263788", 
        "tid": "14383089", 
        "price": "119680000", 
        "type": "sell", 
        "amount": "0.26073780"
    }, 
    {
        "date": "1579263784", 
        "tid": "14383088", 
        "price": "119681000", 
        "type": "buy", 
        "amount": "0.00083305"
    }, 
    {
        "date": "1579263784", 
        "tid": "14383087", 
        "price": "119635000", 
        "type": "sell", 
        "amount": "0.02000000"
    }, 
    {
        "date": "1579263784", 
        "tid": "14383086", 
        "price": "119635000", 
        "type": "sell", 
        "amount": "0.44309487"
    }, 
    {
        "date": "1579263784", 
        "tid": "14383085", 
        "price": "119636000", 
        "type": "sell", 
        "amount": "0.02821344"
    }, 
    {
        "date": "1579263784", 
        "tid": "14383084", 
        "price": "119639000", 
        "type": "sell", 
        "amount": "0.36858258"
    }, 
    {
        "date": "1579263784", 
        "tid": "14383083", 
        "price": "119640000", 
        "type": "sell", 
        "amount": "0.00929230"
    }, 
    {
        "date": "1579263784", 
        "tid": "14383082", 
        "price": "119680000", 
        "type": "sell", 
        "amount": "0.00081681"
    }, 
    {
        "date": "1579263768", 
        "tid": "14383081", 
        "price": "119681000", 
        "type": "buy", 
        "amount": "0.00077847"
    }, 
    {
        "date": "1579263768", 
        "tid": "14383080", 
        "price": "119681000", 
        "type": "buy", 
        "amount": "0.01492061"
    }, 
    {
        "date": "1579263752", 
        "tid": "14383079", 
        "price": "119890000", 
        "type": "buy", 
        "amount": "0.01489460"
    }, 
    {
        "date": "1579263725", 
        "tid": "14383078", 
        "price": "119891000", 
        "type": "buy", 
        "amount": "0.15207464"
    }, 
    {
        "date": "1579263725", 
        "tid": "14383077", 
        "price": "119840000", 
        "type": "buy", 
        "amount": "0.00081681"
    }, 
    {
        "date": "1579263725", 
        "tid": "14383076", 
        "price": "119644000", 
        "type": "buy", 
        "amount": "0.00487563"
    }, 
    {
        "date": "1579263725", 
        "tid": "14383075", 
        "price": "119643000", 
        "type": "buy", 
        "amount": "0.00290241"
    }, 
    {
        "date": "1579263725", 
        "tid": "14383074", 
        "price": "119642000", 
        "type": "buy", 
        "amount": "0.00223264"
    }, 
    {
        "date": "1579263725", 
        "tid": "14383073", 
        "price": "119641000", 
        "type": "buy", 
        "amount": "0.00577544"
    }, 
    {
        "date": "1579263725", 
        "tid": "14383072", 
        "price": "119640000", 
        "type": "buy", 
        "amount": "0.39080224"
    }, 
    {
        "date": "1579263722", 
        "tid": "14383071", 
        "price": "119640000", 
        "type": "buy", 
        "amount": "0.01492572"
    }, 
    {
        "date": "1579263718", 
        "tid": "14383070", 
        "price": "119640000", 
        "type": "buy", 
        "amount": "0.00330861"
    }, 
    {
        "date": "1579263714", 
        "tid": "14383069", 
        "price": "119640000", 
        "type": "buy", 
        "amount": "0.00330861"
    }, 
    {
        "date": "1579263714", 
        "tid": "14383068", 
        "price": "119640000", 
        "type": "buy", 
        "amount": "0.01492573"
    }, 
    {
        "date": "1579263713", 
        "tid": "14383067", 
        "price": "119639000", 
        "type": "sell", 
        "amount": "0.06674477"
    }, 
    {
        "date": "1579263711", 
        "tid": "14383066", 
        "price": "119640000", 
        "type": "buy", 
        "amount": "0.00330861"
    }, 
    {
        "date": "1579263707", 
        "tid": "14383065", 
        "price": "119640000", 
        "type": "buy", 
        "amount": "0.00330861"
    }, 
    {
        "date": "1579263706", 
        "tid": "14383064", 
        "price": "119640000", 
        "type": "buy", 
        "amount": "0.01492572"
    }, 
    {
        "date": "1579263663", 
        "tid": "14383063", 
        "price": "119640000", 
        "type": "buy", 
        "amount": "0.00410420"
    }, 
    {
        "date": "1579263604", 
        "tid": "14383062", 
        "price": "119639000", 
        "type": "sell", 
        "amount": "0.29614607"
    }, 
    {
        "date": "1579263600", 
        "tid": "14383061", 
        "price": "119639000", 
        "type": "sell", 
        "amount": "0.00910726"
    }, 
    {
        "date": "1579263596", 
        "tid": "14383060", 
        "price": "119639000", 
        "type": "sell", 
        "amount": "0.00671020"
    }, 
    {
        "date": "1579263596", 
        "tid": "14383059", 
        "price": "119639000", 
        "type": "sell", 
        "amount": "0.29594296"
    }, 
    {
        "date": "1579263587", 
        "tid": "14383058", 
        "price": "119639000", 
        "type": "sell", 
        "amount": "0.01179481"
    }, 
    {
        "date": "1579263565", 
        "tid": "14383057", 
        "price": "119639000", 
        "type": "sell", 
        "amount": "0.28809802"
    }, 
    {
        "date": "1579263546", 
        "tid": "14383056", 
        "price": "119640000", 
        "type": "buy", 
        "amount": "0.00108335"
    }, 
    {
        "date": "1579263530", 
        "tid": "14383055", 
        "price": "119643000", 
        "type": "buy", 
        "amount": "0.00254137"
    }, 
    {
        "date": "1579263514", 
        "tid": "14383054", 
        "price": "119643000", 
        "type": "buy", 
        "amount": "0.00138721"
    }, 
    {
        "date": "1579263502", 
        "tid": "14383053", 
        "price": "119643000", 
        "type": "buy", 
        "amount": "0.02390880"
    }, 
    {
        "date": "1579263494", 
        "tid": "14383052", 
        "price": "119643000", 
        "type": "sell", 
        "amount": "0.60000000"
    }, 
    {
        "date": "1579263494", 
        "tid": "14383051", 
        "price": "119644000", 
        "type": "sell", 
        "amount": "1.03644435"
    }, 
    {
        "date": "1579263484", 
        "tid": "14383050", 
        "price": "119644000", 
        "type": "sell", 
        "amount": "0.00100007"
    }, 
    {
        "date": "1579263458", 
        "tid": "14383049", 
        "price": "119637000", 
        "type": "sell", 
        "amount": "0.13506391"
    }, 
    {
        "date": "1579263458", 
        "tid": "14383048", 
        "price": "119647000", 
        "type": "sell", 
        "amount": "0.00115350"
    }, 
    {
        "date": "1579263458", 
        "tid": "14383047", 
        "price": "119648000", 
        "type": "sell", 
        "amount": "0.03803657"
    }, 
    {
        "date": "1579263458", 
        "tid": "14383046", 
        "price": "119649000", 
        "type": "sell", 
        "amount": "0.00083399"
    }, 
    {
        "date": "1579263458", 
        "tid": "14383045", 
        "price": "119664000", 
        "type": "sell", 
        "amount": "0.00528017"
    }, 
    {
        "date": "1579263458", 
        "tid": "14383044", 
        "price": "119680000", 
        "type": "sell", 
        "amount": "0.00081681"
    }, 
    {
        "date": "1579263458", 
        "tid": "14383043", 
        "price": "119700000", 
        "type": "sell", 
        "amount": "0.01057741"
    }, 
    {
        "date": "1579263458", 
        "tid": "14383042", 
        "price": "119710000", 
        "type": "sell", 
        "amount": "0.00309080"
    }, 
    {
        "date": "1579263458", 
        "tid": "14383041", 
        "price": "119713000", 
        "type": "sell", 
        "amount": "0.00067889"
    }, 
    {
        "date": "1579263458", 
        "tid": "14383040", 
        "price": "119715000", 
        "type": "sell", 
        "amount": "0.00112199"
    }, 
    {
        "date": "1579263458", 
        "tid": "14383039", 
        "price": "119716000", 
        "type": "sell", 
        "amount": "0.60000000"
    }, 
    {
        "date": "1579263458", 
        "tid": "14383038", 
        "price": "119727000", 
        "type": "sell", 
        "amount": "0.00053670"
    }, 
    {
        "date": "1579263458", 
        "tid": "14383037", 
        "price": "119750000", 
        "type": "sell", 
        "amount": "0.00050471"
    }, 
    {
        "date": "1579263458", 
        "tid": "14383036", 
        "price": "119795000", 
        "type": "sell", 
        "amount": "0.00244473"
    }, 
    {
        "date": "1579263458", 
        "tid": "14383035", 
        "price": "119800000", 
        "type": "sell", 
        "amount": "0.00171383"
    }, 
    {
        "date": "1579263458", 
        "tid": "14383034", 
        "price": "119840000", 
        "type": "sell", 
        "amount": "0.00165124"
    }, 
    {
        "date": "1579263458", 
        "tid": "14383033", 
        "price": "119858000", 
        "type": "sell", 
        "amount": "0.00074469"
    }, 
    {
        "date": "1579263458", 
        "tid": "14383032", 
        "price": "119890000", 
        "type": "sell", 
        "amount": "0.00520985"
    }, 
    {
        "date": "1579263458", 
        "tid": "14383031", 
        "price": "119900000", 
        "type": "sell", 
        "amount": "0.04894016"
    }, 
    {
        "date": "1579263433", 
        "tid": "14383030", 
        "price": "119900000", 
        "type": "sell", 
        "amount": "0.01456698"
    }, 
    {
        "date": "1579263426", 
        "tid": "14383029", 
        "price": "119910000", 
        "type": "buy", 
        "amount": "0.00081899"
    }, 
    {
        "date": "1579263402", 
        "tid": "14383028", 
        "price": "119910000", 
        "type": "buy", 
        "amount": "0.00042405"
    }, 
    {
        "date": "1579263401", 
        "tid": "14383027", 
        "price": "119900000", 
        "type": "sell", 
        "amount": "0.00083146"
    }, 
    {
        "date": "1579263395", 
        "tid": "14383026", 
        "price": "119910000", 
        "type": "buy", 
        "amount": "0.00083146"
    }, 
    {
        "date": "1579263370", 
        "tid": "14383025", 
        "price": "120000000", 
        "type": "buy", 
        "amount": "0.00055430"
    }
]