[
    {
        "date": "1579395562", 
        "tid": "14388482", 
        "price": "121105000", 
        "type": "buy", 
        "amount": "0.00280223"
    }, 
    {
        "date": "1579395481", 
        "tid": "14388481", 
        "price": "121100000", 
        "type": "buy", 
        "amount": "0.17385231"
    }, 
    {
        "date": "1579395481", 
        "tid": "14388480", 
        "price": "121099000", 
        "type": "buy", 
        "amount": "0.00474305"
    }, 
    {
        "date": "1579395481", 
        "tid": "14388479", 
        "price": "121091000", 
        "type": "buy", 
        "amount": "0.00156773"
    }, 
    {
        "date": "1579395481", 
        "tid": "14388478", 
        "price": "121086000", 
        "type": "buy", 
        "amount": "0.00501985"
    }, 
    {
        "date": "1579395481", 
        "tid": "14388477", 
        "price": "121085000", 
        "type": "buy", 
        "amount": "0.00077960"
    }, 
    {
        "date": "1579395481", 
        "tid": "14388476", 
        "price": "121069000", 
        "type": "buy", 
        "amount": "0.00112200"
    }, 
    {
        "date": "1579395481", 
        "tid": "14388475", 
        "price": "121059000", 
        "type": "buy", 
        "amount": "0.00115351"
    }, 
    {
        "date": "1579395481", 
        "tid": "14388474", 
        "price": "121041000", 
        "type": "buy", 
        "amount": "0.00053671"
    }, 
    {
        "date": "1579395481", 
        "tid": "14388473", 
        "price": "121037000", 
        "type": "buy", 
        "amount": "0.00074470"
    }, 
    {
        "date": "1579395481", 
        "tid": "14388472", 
        "price": "121021000", 
        "type": "buy", 
        "amount": "0.00132847"
    }, 
    {
        "date": "1579395481", 
        "tid": "14388471", 
        "price": "121020000", 
        "type": "buy", 
        "amount": "0.02352338"
    }, 
    {
        "date": "1579395481", 
        "tid": "14388470", 
        "price": "121005000", 
        "type": "buy", 
        "amount": "0.00139578"
    }, 
    {
        "date": "1579395481", 
        "tid": "14388469", 
        "price": "121001000", 
        "type": "buy", 
        "amount": "0.01036048"
    }, 
    {
        "date": "1579395392", 
        "tid": "14388468", 
        "price": "121000000", 
        "type": "sell", 
        "amount": "2.00000000"
    }, 
    {
        "date": "1579395388", 
        "tid": "14388467", 
        "price": "121000000", 
        "type": "sell", 
        "amount": "0.00054071"
    }, 
    {
        "date": "1579395381", 
        "tid": "14388466", 
        "price": "121000000", 
        "type": "sell", 
        "amount": "0.00241043"
    }, 
    {
        "date": "1579395378", 
        "tid": "14388465", 
        "price": "121000000", 
        "type": "sell", 
        "amount": "0.00670814"
    }, 
    {
        "date": "1579395366", 
        "tid": "14388464", 
        "price": "121000000", 
        "type": "buy", 
        "amount": "0.56657741"
    }, 
    {
        "date": "1579395366", 
        "tid": "14388463", 
        "price": "120999000", 
        "type": "buy", 
        "amount": "0.00177960"
    }, 
    {
        "date": "1579395366", 
        "tid": "14388462", 
        "price": "120998000", 
        "type": "buy", 
        "amount": "0.00687468"
    }, 
    {
        "date": "1579395366", 
        "tid": "14388461", 
        "price": "120995000", 
        "type": "buy", 
        "amount": "0.01228688"
    }, 
    {
        "date": "1579395366", 
        "tid": "14388460", 
        "price": "120989000", 
        "type": "buy", 
        "amount": "0.00067890"
    }, 
    {
        "date": "1579395366", 
        "tid": "14388459", 
        "price": "120988000", 
        "type": "buy", 
        "amount": "0.06437016"
    }, 
    {
        "date": "1579395366", 
        "tid": "14388458", 
        "price": "120980000", 
        "type": "buy", 
        "amount": "0.02483628"
    }, 
    {
        "date": "1579395366", 
        "tid": "14388457", 
        "price": "120950000", 
        "type": "buy", 
        "amount": "0.00100572"
    }, 
    {
        "date": "1579395366", 
        "tid": "14388456", 
        "price": "120938000", 
        "type": "buy", 
        "amount": "0.00468882"
    }, 
    {
        "date": "1579395366", 
        "tid": "14388455", 
        "price": "120935000", 
        "type": "buy", 
        "amount": "0.00153350"
    }, 
    {
        "date": "1579395366", 
        "tid": "14388454", 
        "price": "120920000", 
        "type": "buy", 
        "amount": "0.00079623"
    }, 
    {
        "date": "1579395301", 
        "tid": "14388453", 
        "price": "120918000", 
        "type": "buy", 
        "amount": "0.12341857"
    }, 
    {
        "date": "1579395297", 
        "tid": "14388452", 
        "price": "120918000", 
        "type": "buy", 
        "amount": "0.00051782"
    }, 
    {
        "date": "1579395225", 
        "tid": "14388451", 
        "price": "120918000", 
        "type": "buy", 
        "amount": "0.04795864"
    }, 
    {
        "date": "1579395217", 
        "tid": "14388450", 
        "price": "120918000", 
        "type": "buy", 
        "amount": "0.06802614"
    }, 
    {
        "date": "1579395217", 
        "tid": "14388449", 
        "price": "120837000", 
        "type": "buy", 
        "amount": "0.00810202"
    }, 
    {
        "date": "1579394993", 
        "tid": "14388448", 
        "price": "120837000", 
        "type": "buy", 
        "amount": "0.01117463"
    }, 
    {
        "date": "1579394886", 
        "tid": "14388447", 
        "price": "120837000", 
        "type": "sell", 
        "amount": "0.00120850"
    }, 
    {
        "date": "1579394871", 
        "tid": "14388446", 
        "price": "120918000", 
        "type": "buy", 
        "amount": "0.00057240"
    }, 
    {
        "date": "1579394855", 
        "tid": "14388445", 
        "price": "120918000", 
        "type": "buy", 
        "amount": "0.00623749"
    }, 
    {
        "date": "1579394792", 
        "tid": "14388444", 
        "price": "120834000", 
        "type": "sell", 
        "amount": "0.05000000"
    }, 
    {
        "date": "1579394788", 
        "tid": "14388443", 
        "price": "120918000", 
        "type": "buy", 
        "amount": "0.00558343"
    }, 
    {
        "date": "1579394778", 
        "tid": "14388442", 
        "price": "120834000", 
        "type": "sell", 
        "amount": "0.17044658"
    }, 
    {
        "date": "1579394778", 
        "tid": "14388441", 
        "price": "120916000", 
        "type": "sell", 
        "amount": "0.00079623"
    }, 
    {
        "date": "1579394778", 
        "tid": "14388440", 
        "price": "120917000", 
        "type": "sell", 
        "amount": "0.05361651"
    }, 
    {
        "date": "1579394778", 
        "tid": "14388439", 
        "price": "120918000", 
        "type": "buy", 
        "amount": "0.00042051"
    }, 
    {
        "date": "1579394773", 
        "tid": "14388438", 
        "price": "120918000", 
        "type": "buy", 
        "amount": "0.00651976"
    }, 
    {
        "date": "1579394756", 
        "tid": "14388437", 
        "price": "120918000", 
        "type": "buy", 
        "amount": "0.00931575"
    }, 
    {
        "date": "1579394740", 
        "tid": "14388436", 
        "price": "120917000", 
        "type": "sell", 
        "amount": "0.00047196"
    }, 
    {
        "date": "1579394736", 
        "tid": "14388435", 
        "price": "120918000", 
        "type": "buy", 
        "amount": "0.00933531"
    }, 
    {
        "date": "1579394728", 
        "tid": "14388434", 
        "price": "120918000", 
        "type": "buy", 
        "amount": "0.00933531"
    }, 
    {
        "date": "1579394713", 
        "tid": "14388433", 
        "price": "120918000", 
        "type": "buy", 
        "amount": "0.00560316"
    }, 
    {
        "date": "1579394708", 
        "tid": "14388432", 
        "price": "120918000", 
        "type": "buy", 
        "amount": "0.20701924"
    }, 
    {
        "date": "1579394691", 
        "tid": "14388431", 
        "price": "120918000", 
        "type": "buy", 
        "amount": "0.00934615"
    }, 
    {
        "date": "1579394679", 
        "tid": "14388430", 
        "price": "120917000", 
        "type": "sell", 
        "amount": "0.00077579"
    }, 
    {
        "date": "1579394494", 
        "tid": "14388429", 
        "price": "120917000", 
        "type": "sell", 
        "amount": "0.00056805"
    }, 
    {
        "date": "1579394489", 
        "tid": "14388428", 
        "price": "120917000", 
        "type": "sell", 
        "amount": "0.00191341"
    }, 
    {
        "date": "1579394488", 
        "tid": "14388427", 
        "price": "120917000", 
        "type": "sell", 
        "amount": "0.00154576"
    }, 
    {
        "date": "1579394485", 
        "tid": "14388426", 
        "price": "120917000", 
        "type": "sell", 
        "amount": "0.00193918"
    }, 
    {
        "date": "1579394457", 
        "tid": "14388425", 
        "price": "120917000", 
        "type": "sell", 
        "amount": "0.00010000"
    }, 
    {
        "date": "1579394422", 
        "tid": "14388424", 
        "price": "120917000", 
        "type": "sell", 
        "amount": "0.53975819"
    }, 
    {
        "date": "1579394310", 
        "tid": "14388423", 
        "price": "120918000", 
        "type": "buy", 
        "amount": "0.04097864"
    }, 
    {
        "date": "1579394301", 
        "tid": "14388422", 
        "price": "120918000", 
        "type": "buy", 
        "amount": "0.00293211"
    }, 
    {
        "date": "1579394274", 
        "tid": "14388421", 
        "price": "120917000", 
        "type": "sell", 
        "amount": "0.00080000"
    }, 
    {
        "date": "1579394204", 
        "tid": "14388420", 
        "price": "120918000", 
        "type": "buy", 
        "amount": "0.02869414"
    }, 
    {
        "date": "1579394200", 
        "tid": "14388419", 
        "price": "120918000", 
        "type": "buy", 
        "amount": "0.08211235"
    }, 
    {
        "date": "1579394200", 
        "tid": "14388418", 
        "price": "120917000", 
        "type": "buy", 
        "amount": "0.00347493"
    }, 
    {
        "date": "1579394200", 
        "tid": "14388417", 
        "price": "120915000", 
        "type": "buy", 
        "amount": "0.07414098"
    }, 
    {
        "date": "1579394200", 
        "tid": "14388416", 
        "price": "120914000", 
        "type": "buy", 
        "amount": "0.00077960"
    }, 
    {
        "date": "1579394200", 
        "tid": "14388415", 
        "price": "120901000", 
        "type": "buy", 
        "amount": "0.00156291"
    }, 
    {
        "date": "1579394200", 
        "tid": "14388414", 
        "price": "120900000", 
        "type": "buy", 
        "amount": "0.02005185"
    }, 
    {
        "date": "1579394200", 
        "tid": "14388413", 
        "price": "120875000", 
        "type": "buy", 
        "amount": "0.00413653"
    }, 
    {
        "date": "1579394200", 
        "tid": "14388412", 
        "price": "120874000", 
        "type": "buy", 
        "amount": "0.00461836"
    }, 
    {
        "date": "1579394179", 
        "tid": "14388411", 
        "price": "120828000", 
        "type": "sell", 
        "amount": "0.02300000"
    }, 
    {
        "date": "1579394146", 
        "tid": "14388410", 
        "price": "120874000", 
        "type": "buy", 
        "amount": "0.00150292"
    }, 
    {
        "date": "1579394123", 
        "tid": "14388409", 
        "price": "120874000", 
        "type": "buy", 
        "amount": "0.00566690"
    }, 
    {
        "date": "1579394123", 
        "tid": "14388408", 
        "price": "120867000", 
        "type": "buy", 
        "amount": "0.00085528"
    }, 
    {
        "date": "1579394116", 
        "tid": "14388407", 
        "price": "120867000", 
        "type": "buy", 
        "amount": "0.00171064"
    }, 
    {
        "date": "1579394116", 
        "tid": "14388406", 
        "price": "120856000", 
        "type": "buy", 
        "amount": "0.00267052"
    }, 
    {
        "date": "1579394116", 
        "tid": "14388405", 
        "price": "120843000", 
        "type": "buy", 
        "amount": "0.00112200"
    }, 
    {
        "date": "1579394116", 
        "tid": "14388404", 
        "price": "120829000", 
        "type": "buy", 
        "amount": "0.00687273"
    }, 
    {
        "date": "1579394024", 
        "tid": "14388403", 
        "price": "120828000", 
        "type": "sell", 
        "amount": "0.03703026"
    }, 
    {
        "date": "1579393985", 
        "tid": "14388402", 
        "price": "120828000", 
        "type": "sell", 
        "amount": "0.00343032"
    }, 
    {
        "date": "1579393955", 
        "tid": "14388401", 
        "price": "120801000", 
        "type": "buy", 
        "amount": "0.00050173"
    }, 
    {
        "date": "1579393938", 
        "tid": "14388400", 
        "price": "120800000", 
        "type": "sell", 
        "amount": "0.00333901"
    }, 
    {
        "date": "1579393842", 
        "tid": "14388399", 
        "price": "120800000", 
        "type": "buy", 
        "amount": "0.00294379"
    }, 
    {
        "date": "1579393832", 
        "tid": "14388398", 
        "price": "120801000", 
        "type": "buy", 
        "amount": "0.00024297"
    }, 
    {
        "date": "1579393832", 
        "tid": "14388397", 
        "price": "120800000", 
        "type": "buy", 
        "amount": "0.00017795"
    }, 
    {
        "date": "1579393831", 
        "tid": "14388396", 
        "price": "120800000", 
        "type": "buy", 
        "amount": "0.00066229"
    }, 
    {
        "date": "1579393802", 
        "tid": "14388395", 
        "price": "120799000", 
        "type": "sell", 
        "amount": "0.00627433"
    }, 
    {
        "date": "1579393765", 
        "tid": "14388394", 
        "price": "120744000", 
        "type": "buy", 
        "amount": "0.00782318"
    }, 
    {
        "date": "1579393707", 
        "tid": "14388393", 
        "price": "120743000", 
        "type": "sell", 
        "amount": "0.01000000"
    }, 
    {
        "date": "1579393664", 
        "tid": "14388392", 
        "price": "120664000", 
        "type": "sell", 
        "amount": "0.00650665"
    }, 
    {
        "date": "1579393231", 
        "tid": "14388391", 
        "price": "120744000", 
        "type": "buy", 
        "amount": "0.00053437"
    }, 
    {
        "date": "1579393231", 
        "tid": "14388390", 
        "price": "120660000", 
        "type": "buy", 
        "amount": "0.00162982"
    }, 
    {
        "date": "1579393231", 
        "tid": "14388389", 
        "price": "120659000", 
        "type": "buy", 
        "amount": "0.00077960"
    }, 
    {
        "date": "1579393163", 
        "tid": "14388388", 
        "price": "120555000", 
        "type": "sell", 
        "amount": "0.00261093"
    }, 
    {
        "date": "1579392940", 
        "tid": "14388387", 
        "price": "120555000", 
        "type": "sell", 
        "amount": "0.06502458"
    }, 
    {
        "date": "1579392940", 
        "tid": "14388386", 
        "price": "120574000", 
        "type": "sell", 
        "amount": "0.00077959"
    }, 
    {
        "date": "1579392883", 
        "tid": "14388385", 
        "price": "120660000", 
        "type": "buy", 
        "amount": "0.00045986"
    }, 
    {
        "date": "1579392883", 
        "tid": "14388384", 
        "price": "120659000", 
        "type": "buy", 
        "amount": "0.00077960"
    }, 
    {
        "date": "1579392801", 
        "tid": "14388383", 
        "price": "120555000", 
        "type": "buy", 
        "amount": "0.00448214"
    }, 
    {
        "date": "1579392787", 
        "tid": "14388382", 
        "price": "120553000", 
        "type": "sell", 
        "amount": "0.09984819"
    }, 
    {
        "date": "1579392779", 
        "tid": "14388381", 
        "price": "120554000", 
        "type": "sell", 
        "amount": "0.00071711"
    }, 
    {
        "date": "1579392773", 
        "tid": "14388380", 
        "price": "120554000", 
        "type": "sell", 
        "amount": "0.00275782"
    }, 
    {
        "date": "1579392732", 
        "tid": "14388379", 
        "price": "120553000", 
        "type": "sell", 
        "amount": "0.00787217"
    }, 
    {
        "date": "1579392732", 
        "tid": "14388378", 
        "price": "120565000", 
        "type": "sell", 
        "amount": "0.00074470"
    }, 
    {
        "date": "1579392732", 
        "tid": "14388377", 
        "price": "120574000", 
        "type": "sell", 
        "amount": "0.00077959"
    }, 
    {
        "date": "1579392732", 
        "tid": "14388376", 
        "price": "120617000", 
        "type": "sell", 
        "amount": "0.00112200"
    }, 
    {
        "date": "1579392732", 
        "tid": "14388375", 
        "price": "120659000", 
        "type": "sell", 
        "amount": "0.00077960"
    }, 
    {
        "date": "1579392732", 
        "tid": "14388374", 
        "price": "120747000", 
        "type": "sell", 
        "amount": "0.00414088"
    }, 
    {
        "date": "1579392731", 
        "tid": "14388373", 
        "price": "120748000", 
        "type": "buy", 
        "amount": "0.00250258"
    }, 
    {
        "date": "1579392717", 
        "tid": "14388372", 
        "price": "120748000", 
        "type": "buy", 
        "amount": "0.00422559"
    }, 
    {
        "date": "1579392717", 
        "tid": "14388371", 
        "price": "120744000", 
        "type": "buy", 
        "amount": "0.00077960"
    }, 
    {
        "date": "1579392709", 
        "tid": "14388370", 
        "price": "120863000", 
        "type": "buy", 
        "amount": "0.03517620"
    }, 
    {
        "date": "1579392709", 
        "tid": "14388369", 
        "price": "120843000", 
        "type": "buy", 
        "amount": "0.00112200"
    }, 
    {
        "date": "1579392709", 
        "tid": "14388368", 
        "price": "120801000", 
        "type": "buy", 
        "amount": "0.00074470"
    }, 
    {
        "date": "1579392709", 
        "tid": "14388367", 
        "price": "120727000", 
        "type": "buy", 
        "amount": "0.00441894"
    }, 
    {
        "date": "1579392709", 
        "tid": "14388366", 
        "price": "120659000", 
        "type": "buy", 
        "amount": "0.00077960"
    }, 
    {
        "date": "1579392696", 
        "tid": "14388365", 
        "price": "120550000", 
        "type": "sell", 
        "amount": "0.02005185"
    }, 
    {
        "date": "1579392696", 
        "tid": "14388364", 
        "price": "120552000", 
        "type": "sell", 
        "amount": "0.00414758"
    }, 
    {
        "date": "1579392696", 
        "tid": "14388363", 
        "price": "120565000", 
        "type": "sell", 
        "amount": "0.00074470"
    }, 
    {
        "date": "1579392696", 
        "tid": "14388362", 
        "price": "120574000", 
        "type": "sell", 
        "amount": "0.00077959"
    }, 
    {
        "date": "1579392696", 
        "tid": "14388361", 
        "price": "120579000", 
        "type": "sell", 
        "amount": "0.00374898"
    }, 
    {
        "date": "1579392696", 
        "tid": "14388360", 
        "price": "120617000", 
        "type": "sell", 
        "amount": "0.00112200"
    }, 
    {
        "date": "1579392696", 
        "tid": "14388359", 
        "price": "120659000", 
        "type": "sell", 
        "amount": "0.00077960"
    }, 
    {
        "date": "1579392696", 
        "tid": "14388358", 
        "price": "120660000", 
        "type": "sell", 
        "amount": "0.16030000"
    }, 
    {
        "date": "1579392696", 
        "tid": "14388357", 
        "price": "120744000", 
        "type": "sell", 
        "amount": "0.00077959"
    }, 
    {
        "date": "1579392660", 
        "tid": "14388356", 
        "price": "120863000", 
        "type": "buy", 
        "amount": "0.02000158"
    }, 
    {
        "date": "1579392652", 
        "tid": "14388355", 
        "price": "120863000", 
        "type": "buy", 
        "amount": "0.00500039"
    }, 
    {
        "date": "1579392644", 
        "tid": "14388354", 
        "price": "120862000", 
        "type": "buy", 
        "amount": "0.02053910"
    }, 
    {
        "date": "1579392644", 
        "tid": "14388353", 
        "price": "120861000", 
        "type": "buy", 
        "amount": "0.00702758"
    }, 
    {
        "date": "1579392644", 
        "tid": "14388352", 
        "price": "120860000", 
        "type": "buy", 
        "amount": "0.00532160"
    }, 
    {
        "date": "1579392644", 
        "tid": "14388351", 
        "price": "120859000", 
        "type": "buy", 
        "amount": "0.00219746"
    }, 
    {
        "date": "1579392644", 
        "tid": "14388350", 
        "price": "120858000", 
        "type": "buy", 
        "amount": "0.00153823"
    }, 
    {
        "date": "1579392644", 
        "tid": "14388349", 
        "price": "120857000", 
        "type": "buy", 
        "amount": "0.00087900"
    }, 
    {
        "date": "1579392644", 
        "tid": "14388348", 
        "price": "120843000", 
        "type": "buy", 
        "amount": "0.00112200"
    }, 
    {
        "date": "1579392644", 
        "tid": "14388347", 
        "price": "120829000", 
        "type": "buy", 
        "amount": "0.00077960"
    }, 
    {
        "date": "1579392644", 
        "tid": "14388346", 
        "price": "120820000", 
        "type": "buy", 
        "amount": "0.00121000"
    }, 
    {
        "date": "1579392644", 
        "tid": "14388345", 
        "price": "120763000", 
        "type": "buy", 
        "amount": "0.00114052"
    }, 
    {
        "date": "1579392644", 
        "tid": "14388344", 
        "price": "120750000", 
        "type": "buy", 
        "amount": "0.02077176"
    }, 
    {
        "date": "1579392626", 
        "tid": "14388343", 
        "price": "120750000", 
        "type": "buy", 
        "amount": "0.07557006"
    }, 
    {
        "date": "1579392612", 
        "tid": "14388342", 
        "price": "120750000", 
        "type": "buy", 
        "amount": "0.00957419"
    }, 
    {
        "date": "1579392591", 
        "tid": "14388341", 
        "price": "120750000", 
        "type": "buy", 
        "amount": "0.01937248"
    }, 
    {
        "date": "1579392591", 
        "tid": "14388340", 
        "price": "120744000", 
        "type": "buy", 
        "amount": "0.00077960"
    }, 
    {
        "date": "1579392536", 
        "tid": "14388339", 
        "price": "120579000", 
        "type": "sell", 
        "amount": "0.00570568"
    }, 
    {
        "date": "1579392536", 
        "tid": "14388338", 
        "price": "120581000", 
        "type": "sell", 
        "amount": "0.00471548"
    }, 
    {
        "date": "1579392536", 
        "tid": "14388337", 
        "price": "120613000", 
        "type": "sell", 
        "amount": "0.01178818"
    }, 
    {
        "date": "1579392536", 
        "tid": "14388336", 
        "price": "120617000", 
        "type": "sell", 
        "amount": "0.00112200"
    }, 
    {
        "date": "1579392536", 
        "tid": "14388335", 
        "price": "120619000", 
        "type": "sell", 
        "amount": "0.00256591"
    }, 
    {
        "date": "1579392536", 
        "tid": "14388334", 
        "price": "120620000", 
        "type": "sell", 
        "amount": "0.00702758"
    }, 
    {
        "date": "1579392536", 
        "tid": "14388333", 
        "price": "120623000", 
        "type": "sell", 
        "amount": "0.01223609"
    }
]