[
    {
        "date": "1579288116", 
        "tid": "14384107", 
        "price": "120524000", 
        "type": "sell", 
        "amount": "0.00042750"
    }, 
    {
        "date": "1579288018", 
        "tid": "14384106", 
        "price": "120692000", 
        "type": "buy", 
        "amount": "0.00706392"
    }, 
    {
        "date": "1579288018", 
        "tid": "14384105", 
        "price": "120601000", 
        "type": "buy", 
        "amount": "0.00119776"
    }, 
    {
        "date": "1579287941", 
        "tid": "14384104", 
        "price": "120430000", 
        "type": "sell", 
        "amount": "0.01214933"
    }, 
    {
        "date": "1579287941", 
        "tid": "14384103", 
        "price": "120500000", 
        "type": "sell", 
        "amount": "0.00912862"
    }, 
    {
        "date": "1579287941", 
        "tid": "14384102", 
        "price": "120501000", 
        "type": "sell", 
        "amount": "0.02066418"
    }, 
    {
        "date": "1579287941", 
        "tid": "14384101", 
        "price": "120600000", 
        "type": "sell", 
        "amount": "0.04119215"
    }, 
    {
        "date": "1579287883", 
        "tid": "14384100", 
        "price": "120602000", 
        "type": "sell", 
        "amount": "0.00093009"
    }, 
    {
        "date": "1579287815", 
        "tid": "14384099", 
        "price": "120692000", 
        "type": "buy", 
        "amount": "0.00646942"
    }, 
    {
        "date": "1579287815", 
        "tid": "14384098", 
        "price": "120670000", 
        "type": "buy", 
        "amount": "0.00067890"
    }, 
    {
        "date": "1579287815", 
        "tid": "14384097", 
        "price": "120632000", 
        "type": "buy", 
        "amount": "0.00044034"
    }, 
    {
        "date": "1579287815", 
        "tid": "14384096", 
        "price": "120617000", 
        "type": "buy", 
        "amount": "0.00112200"
    }, 
    {
        "date": "1579287815", 
        "tid": "14384095", 
        "price": "120612000", 
        "type": "buy", 
        "amount": "0.00244472"
    }, 
    {
        "date": "1579287815", 
        "tid": "14384094", 
        "price": "120601000", 
        "type": "buy", 
        "amount": "0.00347152"
    }, 
    {
        "date": "1579287657", 
        "tid": "14384093", 
        "price": "120600000", 
        "type": "sell", 
        "amount": "0.00081519"
    }, 
    {
        "date": "1579287233", 
        "tid": "14384092", 
        "price": "120600000", 
        "type": "sell", 
        "amount": "0.00064406"
    }, 
    {
        "date": "1579287228", 
        "tid": "14384091", 
        "price": "120601000", 
        "type": "buy", 
        "amount": "0.00081519"
    }, 
    {
        "date": "1579287228", 
        "tid": "14384090", 
        "price": "120601000", 
        "type": "buy", 
        "amount": "0.00042162"
    }, 
    {
        "date": "1579287121", 
        "tid": "14384089", 
        "price": "120600000", 
        "type": "sell", 
        "amount": "0.00416421"
    }, 
    {
        "date": "1579287100", 
        "tid": "14384088", 
        "price": "120600000", 
        "type": "sell", 
        "amount": "0.01041053"
    }, 
    {
        "date": "1579287076", 
        "tid": "14384087", 
        "price": "120600000", 
        "type": "sell", 
        "amount": "0.01041053"
    }, 
    {
        "date": "1579287008", 
        "tid": "14384086", 
        "price": "120519000", 
        "type": "sell", 
        "amount": "0.01666244"
    }, 
    {
        "date": "1579286998", 
        "tid": "14384085", 
        "price": "120586000", 
        "type": "buy", 
        "amount": "0.15333656"
    }, 
    {
        "date": "1579286998", 
        "tid": "14384084", 
        "price": "120565000", 
        "type": "buy", 
        "amount": "0.00074470"
    }, 
    {
        "date": "1579286998", 
        "tid": "14384083", 
        "price": "120520000", 
        "type": "buy", 
        "amount": "0.00647439"
    }, 
    {
        "date": "1579286979", 
        "tid": "14384082", 
        "price": "120520000", 
        "type": "buy", 
        "amount": "0.00042190"
    }, 
    {
        "date": "1579286961", 
        "tid": "14384081", 
        "price": "120520000", 
        "type": "buy", 
        "amount": "0.00165451"
    }, 
    {
        "date": "1579286950", 
        "tid": "14384080", 
        "price": "120520000", 
        "type": "buy", 
        "amount": "0.00074453"
    }, 
    {
        "date": "1579286945", 
        "tid": "14384079", 
        "price": "120520000", 
        "type": "buy", 
        "amount": "0.00388810"
    }, 
    {
        "date": "1579286864", 
        "tid": "14384078", 
        "price": "120519000", 
        "type": "sell", 
        "amount": "0.04149377"
    }, 
    {
        "date": "1579286822", 
        "tid": "14384077", 
        "price": "120500000", 
        "type": "buy", 
        "amount": "0.04675167"
    }, 
    {
        "date": "1579286810", 
        "tid": "14384076", 
        "price": "120500000", 
        "type": "buy", 
        "amount": "0.05020000"
    }, 
    {
        "date": "1579286797", 
        "tid": "14384075", 
        "price": "120500000", 
        "type": "buy", 
        "amount": "0.08032000"
    }, 
    {
        "date": "1579286786", 
        "tid": "14384074", 
        "price": "120500000", 
        "type": "buy", 
        "amount": "0.00080080"
    }, 
    {
        "date": "1579286782", 
        "tid": "14384073", 
        "price": "120500000", 
        "type": "buy", 
        "amount": "0.13052000"
    }, 
    {
        "date": "1579286768", 
        "tid": "14384072", 
        "price": "120500000", 
        "type": "buy", 
        "amount": "0.21084000"
    }, 
    {
        "date": "1579286747", 
        "tid": "14384071", 
        "price": "120499000", 
        "type": "buy", 
        "amount": "0.02594603"
    }, 
    {
        "date": "1579286735", 
        "tid": "14384070", 
        "price": "120498000", 
        "type": "sell", 
        "amount": "0.00228670"
    }, 
    {
        "date": "1579286709", 
        "tid": "14384069", 
        "price": "120430000", 
        "type": "buy", 
        "amount": "0.07023075"
    }, 
    {
        "date": "1579286709", 
        "tid": "14384068", 
        "price": "120430000", 
        "type": "buy", 
        "amount": "0.11292521"
    }, 
    {
        "date": "1579286709", 
        "tid": "14384067", 
        "price": "120408000", 
        "type": "buy", 
        "amount": "0.00244472"
    }, 
    {
        "date": "1579286709", 
        "tid": "14384066", 
        "price": "120400000", 
        "type": "buy", 
        "amount": "0.00089398"
    }, 
    {
        "date": "1579286709", 
        "tid": "14384065", 
        "price": "120397000", 
        "type": "buy", 
        "amount": "0.02500020"
    }, 
    {
        "date": "1579286709", 
        "tid": "14384064", 
        "price": "120392000", 
        "type": "buy", 
        "amount": "0.00085448"
    }, 
    {
        "date": "1579286709", 
        "tid": "14384063", 
        "price": "120351000", 
        "type": "buy", 
        "amount": "0.04154549"
    }, 
    {
        "date": "1579286709", 
        "tid": "14384062", 
        "price": "120348000", 
        "type": "buy", 
        "amount": "0.00934295"
    }, 
    {
        "date": "1579286709", 
        "tid": "14384061", 
        "price": "120346000", 
        "type": "buy", 
        "amount": "0.00769906"
    }, 
    {
        "date": "1579286691", 
        "tid": "14384060", 
        "price": "120344000", 
        "type": "sell", 
        "amount": "0.01183627"
    }, 
    {
        "date": "1579286679", 
        "tid": "14384059", 
        "price": "120345000", 
        "type": "buy", 
        "amount": "0.18071943"
    }, 
    {
        "date": "1579286668", 
        "tid": "14384058", 
        "price": "120323000", 
        "type": "sell", 
        "amount": "0.00344472"
    }, 
    {
        "date": "1579286660", 
        "tid": "14384057", 
        "price": "120323000", 
        "type": "sell", 
        "amount": "0.08267335"
    }, 
    {
        "date": "1579286658", 
        "tid": "14384056", 
        "price": "120324000", 
        "type": "buy", 
        "amount": "0.56223862"
    }, 
    {
        "date": "1579286516", 
        "tid": "14384055", 
        "price": "120220000", 
        "type": "sell", 
        "amount": "0.00083093"
    }, 
    {
        "date": "1579286499", 
        "tid": "14384054", 
        "price": "120219000", 
        "type": "sell", 
        "amount": "0.00042675"
    }, 
    {
        "date": "1579286493", 
        "tid": "14384053", 
        "price": "120219000", 
        "type": "sell", 
        "amount": "0.00045220"
    }, 
    {
        "date": "1579286453", 
        "tid": "14384052", 
        "price": "120344000", 
        "type": "buy", 
        "amount": "0.00042613"
    }, 
    {
        "date": "1579286430", 
        "tid": "14384051", 
        "price": "120219000", 
        "type": "sell", 
        "amount": "0.00042423"
    }, 
    {
        "date": "1579286422", 
        "tid": "14384050", 
        "price": "120344000", 
        "type": "buy", 
        "amount": "0.00232324"
    }, 
    {
        "date": "1579286419", 
        "tid": "14384049", 
        "price": "120219000", 
        "type": "sell", 
        "amount": "0.00066943"
    }, 
    {
        "date": "1579286341", 
        "tid": "14384048", 
        "price": "120219000", 
        "type": "sell", 
        "amount": "0.00042675"
    }, 
    {
        "date": "1579286320", 
        "tid": "14384047", 
        "price": "120346000", 
        "type": "buy", 
        "amount": "0.00279177"
    }, 
    {
        "date": "1579286294", 
        "tid": "14384046", 
        "price": "120219000", 
        "type": "sell", 
        "amount": "0.00062751"
    }, 
    {
        "date": "1579286213", 
        "tid": "14384045", 
        "price": "120220000", 
        "type": "sell", 
        "amount": "0.00042599"
    }, 
    {
        "date": "1579286199", 
        "tid": "14384044", 
        "price": "120220000", 
        "type": "sell", 
        "amount": "0.00042724"
    }, 
    {
        "date": "1579286190", 
        "tid": "14384043", 
        "price": "120235000", 
        "type": "sell", 
        "amount": "0.00059569"
    }, 
    {
        "date": "1579286167", 
        "tid": "14384042", 
        "price": "120244000", 
        "type": "sell", 
        "amount": "0.00797226"
    }, 
    {
        "date": "1579286134", 
        "tid": "14384041", 
        "price": "120348000", 
        "type": "buy", 
        "amount": "0.00083672"
    }, 
    {
        "date": "1579286011", 
        "tid": "14384040", 
        "price": "120348000", 
        "type": "buy", 
        "amount": "0.00837722"
    }, 
    {
        "date": "1579285978", 
        "tid": "14384039", 
        "price": "120348000", 
        "type": "buy", 
        "amount": "0.00042250"
    }, 
    {
        "date": "1579285966", 
        "tid": "14384038", 
        "price": "120348000", 
        "type": "buy", 
        "amount": "0.00115981"
    }, 
    {
        "date": "1579285949", 
        "tid": "14384037", 
        "price": "120348000", 
        "type": "buy", 
        "amount": "0.00042250"
    }, 
    {
        "date": "1579285877", 
        "tid": "14384036", 
        "price": "120128000", 
        "type": "sell", 
        "amount": "0.00591439"
    }, 
    {
        "date": "1579285845", 
        "tid": "14384035", 
        "price": "120348000", 
        "type": "buy", 
        "amount": "0.00091128"
    }, 
    {
        "date": "1579285841", 
        "tid": "14384034", 
        "price": "120348000", 
        "type": "buy", 
        "amount": "0.00042250"
    }, 
    {
        "date": "1579285838", 
        "tid": "14384033", 
        "price": "120348000", 
        "type": "buy", 
        "amount": "0.00447356"
    }, 
    {
        "date": "1579285691", 
        "tid": "14384032", 
        "price": "120350000", 
        "type": "buy", 
        "amount": "0.00042250"
    }, 
    {
        "date": "1579285574", 
        "tid": "14384031", 
        "price": "120349000", 
        "type": "buy", 
        "amount": "0.00042250"
    }, 
    {
        "date": "1579285566", 
        "tid": "14384030", 
        "price": "120349000", 
        "type": "buy", 
        "amount": "0.00042250"
    }, 
    {
        "date": "1579285566", 
        "tid": "14384029", 
        "price": "120349000", 
        "type": "buy", 
        "amount": "0.04543393"
    }, 
    {
        "date": "1579285560", 
        "tid": "14384028", 
        "price": "120349000", 
        "type": "buy", 
        "amount": "0.00397647"
    }, 
    {
        "date": "1579285541", 
        "tid": "14384027", 
        "price": "120124000", 
        "type": "sell", 
        "amount": "0.12468358"
    }, 
    {
        "date": "1579285541", 
        "tid": "14384026", 
        "price": "120188000", 
        "type": "sell", 
        "amount": "0.04160149"
    }, 
    {
        "date": "1579285541", 
        "tid": "14384025", 
        "price": "120191000", 
        "type": "sell", 
        "amount": "0.03371493"
    }, 
    {
        "date": "1579285451", 
        "tid": "14384024", 
        "price": "120350000", 
        "type": "buy", 
        "amount": "0.00042250"
    }, 
    {
        "date": "1579285354", 
        "tid": "14384023", 
        "price": "120191000", 
        "type": "sell", 
        "amount": "0.00717943"
    }, 
    {
        "date": "1579285354", 
        "tid": "14384022", 
        "price": "120349000", 
        "type": "sell", 
        "amount": "0.00073019"
    }, 
    {
        "date": "1579285338", 
        "tid": "14384021", 
        "price": "120350000", 
        "type": "buy", 
        "amount": "0.00245907"
    }, 
    {
        "date": "1579285111", 
        "tid": "14384020", 
        "price": "120350000", 
        "type": "buy", 
        "amount": "0.00094760"
    }, 
    {
        "date": "1579285101", 
        "tid": "14384019", 
        "price": "120212000", 
        "type": "buy", 
        "amount": "0.00094044"
    }, 
    {
        "date": "1579285099", 
        "tid": "14384018", 
        "price": "120212000", 
        "type": "sell", 
        "amount": "0.00169714"
    }, 
    {
        "date": "1579285099", 
        "tid": "14384017", 
        "price": "120349000", 
        "type": "sell", 
        "amount": "0.00046724"
    }, 
    {
        "date": "1579284859", 
        "tid": "14384016", 
        "price": "120350000", 
        "type": "buy", 
        "amount": "0.00042250"
    }, 
    {
        "date": "1579284841", 
        "tid": "14384015", 
        "price": "120193000", 
        "type": "sell", 
        "amount": "0.00277215"
    }, 
    {
        "date": "1579284824", 
        "tid": "14384014", 
        "price": "120351000", 
        "type": "buy", 
        "amount": "0.00069388"
    }, 
    {
        "date": "1579284823", 
        "tid": "14384013", 
        "price": "120351000", 
        "type": "buy", 
        "amount": "0.04076746"
    }, 
    {
        "date": "1579284823", 
        "tid": "14384012", 
        "price": "120350000", 
        "type": "buy", 
        "amount": "0.01722195"
    }, 
    {
        "date": "1579284657", 
        "tid": "14384011", 
        "price": "120189000", 
        "type": "sell", 
        "amount": "0.00082205"
    }, 
    {
        "date": "1579284619", 
        "tid": "14384010", 
        "price": "120189000", 
        "type": "sell", 
        "amount": "0.00763907"
    }, 
    {
        "date": "1579284611", 
        "tid": "14384009", 
        "price": "120189000", 
        "type": "sell", 
        "amount": "0.00790993"
    }, 
    {
        "date": "1579284598", 
        "tid": "14384008", 
        "price": "120188000", 
        "type": "sell", 
        "amount": "0.00596345"
    }, 
    {
        "date": "1579284586", 
        "tid": "14384007", 
        "price": "120188000", 
        "type": "sell", 
        "amount": "0.00763913"
    }, 
    {
        "date": "1579284573", 
        "tid": "14384006", 
        "price": "120351000", 
        "type": "buy", 
        "amount": "0.00227096"
    }, 
    {
        "date": "1579284573", 
        "tid": "14384005", 
        "price": "120350000", 
        "type": "buy", 
        "amount": "0.00055375"
    }, 
    {
        "date": "1579284412", 
        "tid": "14384004", 
        "price": "120351000", 
        "type": "buy", 
        "amount": "0.00104013"
    }, 
    {
        "date": "1579284412", 
        "tid": "14384003", 
        "price": "120351000", 
        "type": "buy", 
        "amount": "0.00042249"
    }, 
    {
        "date": "1579284400", 
        "tid": "14384002", 
        "price": "120352000", 
        "type": "buy", 
        "amount": "0.02188899"
    }, 
    {
        "date": "1579284400", 
        "tid": "14384001", 
        "price": "120351000", 
        "type": "buy", 
        "amount": "0.00089979"
    }, 
    {
        "date": "1579284400", 
        "tid": "14384000", 
        "price": "120330000", 
        "type": "buy", 
        "amount": "0.00074470"
    }, 
    {
        "date": "1579284372", 
        "tid": "14383999", 
        "price": "120093000", 
        "type": "sell", 
        "amount": "0.00121735"
    }, 
    {
        "date": "1579284372", 
        "tid": "14383998", 
        "price": "120094000", 
        "type": "sell", 
        "amount": "0.00244351"
    }, 
    {
        "date": "1579284368", 
        "tid": "14383997", 
        "price": "120352000", 
        "type": "buy", 
        "amount": "0.00042249"
    }, 
    {
        "date": "1579284359", 
        "tid": "14383996", 
        "price": "120352000", 
        "type": "buy", 
        "amount": "0.00042249"
    }, 
    {
        "date": "1579284353", 
        "tid": "14383995", 
        "price": "120352000", 
        "type": "buy", 
        "amount": "0.00227692"
    }, 
    {
        "date": "1579284353", 
        "tid": "14383994", 
        "price": "120351000", 
        "type": "buy", 
        "amount": "0.01048070"
    }, 
    {
        "date": "1579284351", 
        "tid": "14383993", 
        "price": "120351000", 
        "type": "buy", 
        "amount": "0.00042249"
    }, 
    {
        "date": "1579284349", 
        "tid": "14383992", 
        "price": "120352000", 
        "type": "buy", 
        "amount": "0.01963334"
    }, 
    {
        "date": "1579284346", 
        "tid": "14383991", 
        "price": "120352000", 
        "type": "buy", 
        "amount": "0.00822648"
    }, 
    {
        "date": "1579284346", 
        "tid": "14383990", 
        "price": "120351000", 
        "type": "buy", 
        "amount": "0.01132413"
    }, 
    {
        "date": "1579284346", 
        "tid": "14383989", 
        "price": "120087000", 
        "type": "sell", 
        "amount": "0.01090319"
    }, 
    {
        "date": "1579284342", 
        "tid": "14383988", 
        "price": "120351000", 
        "type": "buy", 
        "amount": "0.01872327"
    }, 
    {
        "date": "1579284342", 
        "tid": "14383987", 
        "price": "120330000", 
        "type": "buy", 
        "amount": "0.00074470"
    }, 
    {
        "date": "1579284329", 
        "tid": "14383986", 
        "price": "120086000", 
        "type": "sell", 
        "amount": "0.00315501"
    }, 
    {
        "date": "1579284329", 
        "tid": "14383985", 
        "price": "120094000", 
        "type": "sell", 
        "amount": "0.00074470"
    }, 
    {
        "date": "1579284327", 
        "tid": "14383984", 
        "price": "120351000", 
        "type": "buy", 
        "amount": "0.10794871"
    }, 
    {
        "date": "1579284327", 
        "tid": "14383983", 
        "price": "120351000", 
        "type": "buy", 
        "amount": "0.01938497"
    }, 
    {
        "date": "1579284325", 
        "tid": "14383982", 
        "price": "120351000", 
        "type": "buy", 
        "amount": "0.00042249"
    }, 
    {
        "date": "1579284321", 
        "tid": "14383981", 
        "price": "120085000", 
        "type": "sell", 
        "amount": "0.01596245"
    }, 
    {
        "date": "1579284321", 
        "tid": "14383980", 
        "price": "120086000", 
        "type": "sell", 
        "amount": "0.01428050"
    }, 
    {
        "date": "1579284321", 
        "tid": "14383979", 
        "price": "120086000", 
        "type": "sell", 
        "amount": "0.00049787"
    }, 
    {
        "date": "1579284320", 
        "tid": "14383978", 
        "price": "120351000", 
        "type": "buy", 
        "amount": "0.00573257"
    }, 
    {
        "date": "1579284317", 
        "tid": "14383977", 
        "price": "120351000", 
        "type": "buy", 
        "amount": "0.01474583"
    }, 
    {
        "date": "1579284313", 
        "tid": "14383976", 
        "price": "120351000", 
        "type": "buy", 
        "amount": "0.01474583"
    }, 
    {
        "date": "1579284313", 
        "tid": "14383975", 
        "price": "120085000", 
        "type": "sell", 
        "amount": "0.01543982"
    }, 
    {
        "date": "1579284310", 
        "tid": "14383974", 
        "price": "120351000", 
        "type": "buy", 
        "amount": "0.01226160"
    }, 
    {
        "date": "1579284310", 
        "tid": "14383973", 
        "price": "120330000", 
        "type": "buy", 
        "amount": "0.00074470"
    }, 
    {
        "date": "1579284303", 
        "tid": "14383972", 
        "price": "120085000", 
        "type": "sell", 
        "amount": "0.00238760"
    }, 
    {
        "date": "1579284295", 
        "tid": "14383971", 
        "price": "120085000", 
        "type": "sell", 
        "amount": "0.00435230"
    }, 
    {
        "date": "1579284295", 
        "tid": "14383970", 
        "price": "120086000", 
        "type": "sell", 
        "amount": "0.00519810"
    }, 
    {
        "date": "1579284279", 
        "tid": "14383969", 
        "price": "120086000", 
        "type": "sell", 
        "amount": "0.01437661"
    }, 
    {
        "date": "1579284279", 
        "tid": "14383968", 
        "price": "120094000", 
        "type": "sell", 
        "amount": "0.00074470"
    }, 
    {
        "date": "1579284263", 
        "tid": "14383967", 
        "price": "120392000", 
        "type": "buy", 
        "amount": "0.00026752"
    }, 
    {
        "date": "1579284263", 
        "tid": "14383966", 
        "price": "120330000", 
        "type": "buy", 
        "amount": "0.00015492"
    }, 
    {
        "date": "1579284261", 
        "tid": "14383965", 
        "price": "120330000", 
        "type": "buy", 
        "amount": "0.00058978"
    }, 
    {
        "date": "1579284188", 
        "tid": "14383964", 
        "price": "120086000", 
        "type": "sell", 
        "amount": "0.00047000"
    }, 
    {
        "date": "1579284144", 
        "tid": "14383963", 
        "price": "120083000", 
        "type": "sell", 
        "amount": "0.00425530"
    }, 
    {
        "date": "1579284144", 
        "tid": "14383962", 
        "price": "120094000", 
        "type": "sell", 
        "amount": "0.00074470"
    }, 
    {
        "date": "1579284103", 
        "tid": "14383961", 
        "price": "120367000", 
        "type": "buy", 
        "amount": "0.00047527"
    }, 
    {
        "date": "1579284100", 
        "tid": "14383960", 
        "price": "120367000", 
        "type": "buy", 
        "amount": "0.00047527"
    }, 
    {
        "date": "1579284097", 
        "tid": "14383959", 
        "price": "120367000", 
        "type": "buy", 
        "amount": "0.01391658"
    }, 
    {
        "date": "1579284097", 
        "tid": "14383958", 
        "price": "120330000", 
        "type": "buy", 
        "amount": "0.00074470"
    }
]