[
    {
        "date": "1579394792", 
        "tid": "14388444", 
        "price": "120834000", 
        "type": "sell", 
        "amount": "0.05000000"
    }, 
    {
        "date": "1579394788", 
        "tid": "14388443", 
        "price": "120918000", 
        "type": "buy", 
        "amount": "0.00558343"
    }, 
    {
        "date": "1579394778", 
        "tid": "14388442", 
        "price": "120834000", 
        "type": "sell", 
        "amount": "0.17044658"
    }, 
    {
        "date": "1579394778", 
        "tid": "14388441", 
        "price": "120916000", 
        "type": "sell", 
        "amount": "0.00079623"
    }, 
    {
        "date": "1579394778", 
        "tid": "14388440", 
        "price": "120917000", 
        "type": "sell", 
        "amount": "0.05361651"
    }, 
    {
        "date": "1579394778", 
        "tid": "14388439", 
        "price": "120918000", 
        "type": "buy", 
        "amount": "0.00042051"
    }, 
    {
        "date": "1579394773", 
        "tid": "14388438", 
        "price": "120918000", 
        "type": "buy", 
        "amount": "0.00651976"
    }, 
    {
        "date": "1579394756", 
        "tid": "14388437", 
        "price": "120918000", 
        "type": "buy", 
        "amount": "0.00931575"
    }, 
    {
        "date": "1579394740", 
        "tid": "14388436", 
        "price": "120917000", 
        "type": "sell", 
        "amount": "0.00047196"
    }, 
    {
        "date": "1579394736", 
        "tid": "14388435", 
        "price": "120918000", 
        "type": "buy", 
        "amount": "0.00933531"
    }, 
    {
        "date": "1579394728", 
        "tid": "14388434", 
        "price": "120918000", 
        "type": "buy", 
        "amount": "0.00933531"
    }, 
    {
        "date": "1579394713", 
        "tid": "14388433", 
        "price": "120918000", 
        "type": "buy", 
        "amount": "0.00560316"
    }, 
    {
        "date": "1579394708", 
        "tid": "14388432", 
        "price": "120918000", 
        "type": "buy", 
        "amount": "0.20701924"
    }, 
    {
        "date": "1579394691", 
        "tid": "14388431", 
        "price": "120918000", 
        "type": "buy", 
        "amount": "0.00934615"
    }, 
    {
        "date": "1579394679", 
        "tid": "14388430", 
        "price": "120917000", 
        "type": "sell", 
        "amount": "0.00077579"
    }, 
    {
        "date": "1579394494", 
        "tid": "14388429", 
        "price": "120917000", 
        "type": "sell", 
        "amount": "0.00056805"
    }, 
    {
        "date": "1579394489", 
        "tid": "14388428", 
        "price": "120917000", 
        "type": "sell", 
        "amount": "0.00191341"
    }, 
    {
        "date": "1579394488", 
        "tid": "14388427", 
        "price": "120917000", 
        "type": "sell", 
        "amount": "0.00154576"
    }, 
    {
        "date": "1579394485", 
        "tid": "14388426", 
        "price": "120917000", 
        "type": "sell", 
        "amount": "0.00193918"
    }, 
    {
        "date": "1579394457", 
        "tid": "14388425", 
        "price": "120917000", 
        "type": "sell", 
        "amount": "0.00010000"
    }, 
    {
        "date": "1579394422", 
        "tid": "14388424", 
        "price": "120917000", 
        "type": "sell", 
        "amount": "0.53975819"
    }, 
    {
        "date": "1579394310", 
        "tid": "14388423", 
        "price": "120918000", 
        "type": "buy", 
        "amount": "0.04097864"
    }, 
    {
        "date": "1579394301", 
        "tid": "14388422", 
        "price": "120918000", 
        "type": "buy", 
        "amount": "0.00293211"
    }, 
    {
        "date": "1579394274", 
        "tid": "14388421", 
        "price": "120917000", 
        "type": "sell", 
        "amount": "0.00080000"
    }, 
    {
        "date": "1579394204", 
        "tid": "14388420", 
        "price": "120918000", 
        "type": "buy", 
        "amount": "0.02869414"
    }, 
    {
        "date": "1579394200", 
        "tid": "14388419", 
        "price": "120918000", 
        "type": "buy", 
        "amount": "0.08211235"
    }, 
    {
        "date": "1579394200", 
        "tid": "14388418", 
        "price": "120917000", 
        "type": "buy", 
        "amount": "0.00347493"
    }, 
    {
        "date": "1579394200", 
        "tid": "14388417", 
        "price": "120915000", 
        "type": "buy", 
        "amount": "0.07414098"
    }, 
    {
        "date": "1579394200", 
        "tid": "14388416", 
        "price": "120914000", 
        "type": "buy", 
        "amount": "0.00077960"
    }, 
    {
        "date": "1579394200", 
        "tid": "14388415", 
        "price": "120901000", 
        "type": "buy", 
        "amount": "0.00156291"
    }, 
    {
        "date": "1579394200", 
        "tid": "14388414", 
        "price": "120900000", 
        "type": "buy", 
        "amount": "0.02005185"
    }, 
    {
        "date": "1579394200", 
        "tid": "14388413", 
        "price": "120875000", 
        "type": "buy", 
        "amount": "0.00413653"
    }, 
    {
        "date": "1579394200", 
        "tid": "14388412", 
        "price": "120874000", 
        "type": "buy", 
        "amount": "0.00461836"
    }, 
    {
        "date": "1579394179", 
        "tid": "14388411", 
        "price": "120828000", 
        "type": "sell", 
        "amount": "0.02300000"
    }, 
    {
        "date": "1579394146", 
        "tid": "14388410", 
        "price": "120874000", 
        "type": "buy", 
        "amount": "0.00150292"
    }, 
    {
        "date": "1579394123", 
        "tid": "14388409", 
        "price": "120874000", 
        "type": "buy", 
        "amount": "0.00566690"
    }, 
    {
        "date": "1579394123", 
        "tid": "14388408", 
        "price": "120867000", 
        "type": "buy", 
        "amount": "0.00085528"
    }, 
    {
        "date": "1579394116", 
        "tid": "14388407", 
        "price": "120867000", 
        "type": "buy", 
        "amount": "0.00171064"
    }, 
    {
        "date": "1579394116", 
        "tid": "14388406", 
        "price": "120856000", 
        "type": "buy", 
        "amount": "0.00267052"
    }, 
    {
        "date": "1579394116", 
        "tid": "14388405", 
        "price": "120843000", 
        "type": "buy", 
        "amount": "0.00112200"
    }, 
    {
        "date": "1579394116", 
        "tid": "14388404", 
        "price": "120829000", 
        "type": "buy", 
        "amount": "0.00687273"
    }, 
    {
        "date": "1579394024", 
        "tid": "14388403", 
        "price": "120828000", 
        "type": "sell", 
        "amount": "0.03703026"
    }, 
    {
        "date": "1579393985", 
        "tid": "14388402", 
        "price": "120828000", 
        "type": "sell", 
        "amount": "0.00343032"
    }, 
    {
        "date": "1579393955", 
        "tid": "14388401", 
        "price": "120801000", 
        "type": "buy", 
        "amount": "0.00050173"
    }, 
    {
        "date": "1579393938", 
        "tid": "14388400", 
        "price": "120800000", 
        "type": "sell", 
        "amount": "0.00333901"
    }, 
    {
        "date": "1579393842", 
        "tid": "14388399", 
        "price": "120800000", 
        "type": "buy", 
        "amount": "0.00294379"
    }, 
    {
        "date": "1579393832", 
        "tid": "14388398", 
        "price": "120801000", 
        "type": "buy", 
        "amount": "0.00024297"
    }, 
    {
        "date": "1579393832", 
        "tid": "14388397", 
        "price": "120800000", 
        "type": "buy", 
        "amount": "0.00017795"
    }, 
    {
        "date": "1579393831", 
        "tid": "14388396", 
        "price": "120800000", 
        "type": "buy", 
        "amount": "0.00066229"
    }, 
    {
        "date": "1579393802", 
        "tid": "14388395", 
        "price": "120799000", 
        "type": "sell", 
        "amount": "0.00627433"
    }, 
    {
        "date": "1579393765", 
        "tid": "14388394", 
        "price": "120744000", 
        "type": "buy", 
        "amount": "0.00782318"
    }, 
    {
        "date": "1579393707", 
        "tid": "14388393", 
        "price": "120743000", 
        "type": "sell", 
        "amount": "0.01000000"
    }, 
    {
        "date": "1579393664", 
        "tid": "14388392", 
        "price": "120664000", 
        "type": "sell", 
        "amount": "0.00650665"
    }, 
    {
        "date": "1579393231", 
        "tid": "14388391", 
        "price": "120744000", 
        "type": "buy", 
        "amount": "0.00053437"
    }, 
    {
        "date": "1579393231", 
        "tid": "14388390", 
        "price": "120660000", 
        "type": "buy", 
        "amount": "0.00162982"
    }, 
    {
        "date": "1579393231", 
        "tid": "14388389", 
        "price": "120659000", 
        "type": "buy", 
        "amount": "0.00077960"
    }, 
    {
        "date": "1579393163", 
        "tid": "14388388", 
        "price": "120555000", 
        "type": "sell", 
        "amount": "0.00261093"
    }, 
    {
        "date": "1579392940", 
        "tid": "14388387", 
        "price": "120555000", 
        "type": "sell", 
        "amount": "0.06502458"
    }, 
    {
        "date": "1579392940", 
        "tid": "14388386", 
        "price": "120574000", 
        "type": "sell", 
        "amount": "0.00077959"
    }, 
    {
        "date": "1579392883", 
        "tid": "14388385", 
        "price": "120660000", 
        "type": "buy", 
        "amount": "0.00045986"
    }, 
    {
        "date": "1579392883", 
        "tid": "14388384", 
        "price": "120659000", 
        "type": "buy", 
        "amount": "0.00077960"
    }, 
    {
        "date": "1579392801", 
        "tid": "14388383", 
        "price": "120555000", 
        "type": "buy", 
        "amount": "0.00448214"
    }, 
    {
        "date": "1579392787", 
        "tid": "14388382", 
        "price": "120553000", 
        "type": "sell", 
        "amount": "0.09984819"
    }, 
    {
        "date": "1579392779", 
        "tid": "14388381", 
        "price": "120554000", 
        "type": "sell", 
        "amount": "0.00071711"
    }, 
    {
        "date": "1579392773", 
        "tid": "14388380", 
        "price": "120554000", 
        "type": "sell", 
        "amount": "0.00275782"
    }, 
    {
        "date": "1579392732", 
        "tid": "14388379", 
        "price": "120553000", 
        "type": "sell", 
        "amount": "0.00787217"
    }, 
    {
        "date": "1579392732", 
        "tid": "14388378", 
        "price": "120565000", 
        "type": "sell", 
        "amount": "0.00074470"
    }, 
    {
        "date": "1579392732", 
        "tid": "14388377", 
        "price": "120574000", 
        "type": "sell", 
        "amount": "0.00077959"
    }, 
    {
        "date": "1579392732", 
        "tid": "14388376", 
        "price": "120617000", 
        "type": "sell", 
        "amount": "0.00112200"
    }, 
    {
        "date": "1579392732", 
        "tid": "14388375", 
        "price": "120659000", 
        "type": "sell", 
        "amount": "0.00077960"
    }, 
    {
        "date": "1579392732", 
        "tid": "14388374", 
        "price": "120747000", 
        "type": "sell", 
        "amount": "0.00414088"
    }, 
    {
        "date": "1579392731", 
        "tid": "14388373", 
        "price": "120748000", 
        "type": "buy", 
        "amount": "0.00250258"
    }, 
    {
        "date": "1579392717", 
        "tid": "14388372", 
        "price": "120748000", 
        "type": "buy", 
        "amount": "0.00422559"
    }, 
    {
        "date": "1579392717", 
        "tid": "14388371", 
        "price": "120744000", 
        "type": "buy", 
        "amount": "0.00077960"
    }, 
    {
        "date": "1579392709", 
        "tid": "14388370", 
        "price": "120863000", 
        "type": "buy", 
        "amount": "0.03517620"
    }, 
    {
        "date": "1579392709", 
        "tid": "14388369", 
        "price": "120843000", 
        "type": "buy", 
        "amount": "0.00112200"
    }, 
    {
        "date": "1579392709", 
        "tid": "14388368", 
        "price": "120801000", 
        "type": "buy", 
        "amount": "0.00074470"
    }, 
    {
        "date": "1579392709", 
        "tid": "14388367", 
        "price": "120727000", 
        "type": "buy", 
        "amount": "0.00441894"
    }, 
    {
        "date": "1579392709", 
        "tid": "14388366", 
        "price": "120659000", 
        "type": "buy", 
        "amount": "0.00077960"
    }, 
    {
        "date": "1579392696", 
        "tid": "14388365", 
        "price": "120550000", 
        "type": "sell", 
        "amount": "0.02005185"
    }, 
    {
        "date": "1579392696", 
        "tid": "14388364", 
        "price": "120552000", 
        "type": "sell", 
        "amount": "0.00414758"
    }, 
    {
        "date": "1579392696", 
        "tid": "14388363", 
        "price": "120565000", 
        "type": "sell", 
        "amount": "0.00074470"
    }, 
    {
        "date": "1579392696", 
        "tid": "14388362", 
        "price": "120574000", 
        "type": "sell", 
        "amount": "0.00077959"
    }, 
    {
        "date": "1579392696", 
        "tid": "14388361", 
        "price": "120579000", 
        "type": "sell", 
        "amount": "0.00374898"
    }, 
    {
        "date": "1579392696", 
        "tid": "14388360", 
        "price": "120617000", 
        "type": "sell", 
        "amount": "0.00112200"
    }, 
    {
        "date": "1579392696", 
        "tid": "14388359", 
        "price": "120659000", 
        "type": "sell", 
        "amount": "0.00077960"
    }, 
    {
        "date": "1579392696", 
        "tid": "14388358", 
        "price": "120660000", 
        "type": "sell", 
        "amount": "0.16030000"
    }, 
    {
        "date": "1579392696", 
        "tid": "14388357", 
        "price": "120744000", 
        "type": "sell", 
        "amount": "0.00077959"
    }, 
    {
        "date": "1579392660", 
        "tid": "14388356", 
        "price": "120863000", 
        "type": "buy", 
        "amount": "0.02000158"
    }, 
    {
        "date": "1579392652", 
        "tid": "14388355", 
        "price": "120863000", 
        "type": "buy", 
        "amount": "0.00500039"
    }, 
    {
        "date": "1579392644", 
        "tid": "14388354", 
        "price": "120862000", 
        "type": "buy", 
        "amount": "0.02053910"
    }, 
    {
        "date": "1579392644", 
        "tid": "14388353", 
        "price": "120861000", 
        "type": "buy", 
        "amount": "0.00702758"
    }, 
    {
        "date": "1579392644", 
        "tid": "14388352", 
        "price": "120860000", 
        "type": "buy", 
        "amount": "0.00532160"
    }, 
    {
        "date": "1579392644", 
        "tid": "14388351", 
        "price": "120859000", 
        "type": "buy", 
        "amount": "0.00219746"
    }, 
    {
        "date": "1579392644", 
        "tid": "14388350", 
        "price": "120858000", 
        "type": "buy", 
        "amount": "0.00153823"
    }, 
    {
        "date": "1579392644", 
        "tid": "14388349", 
        "price": "120857000", 
        "type": "buy", 
        "amount": "0.00087900"
    }, 
    {
        "date": "1579392644", 
        "tid": "14388348", 
        "price": "120843000", 
        "type": "buy", 
        "amount": "0.00112200"
    }, 
    {
        "date": "1579392644", 
        "tid": "14388347", 
        "price": "120829000", 
        "type": "buy", 
        "amount": "0.00077960"
    }, 
    {
        "date": "1579392644", 
        "tid": "14388346", 
        "price": "120820000", 
        "type": "buy", 
        "amount": "0.00121000"
    }, 
    {
        "date": "1579392644", 
        "tid": "14388345", 
        "price": "120763000", 
        "type": "buy", 
        "amount": "0.00114052"
    }, 
    {
        "date": "1579392644", 
        "tid": "14388344", 
        "price": "120750000", 
        "type": "buy", 
        "amount": "0.02077176"
    }, 
    {
        "date": "1579392626", 
        "tid": "14388343", 
        "price": "120750000", 
        "type": "buy", 
        "amount": "0.07557006"
    }, 
    {
        "date": "1579392612", 
        "tid": "14388342", 
        "price": "120750000", 
        "type": "buy", 
        "amount": "0.00957419"
    }, 
    {
        "date": "1579392591", 
        "tid": "14388341", 
        "price": "120750000", 
        "type": "buy", 
        "amount": "0.01937248"
    }, 
    {
        "date": "1579392591", 
        "tid": "14388340", 
        "price": "120744000", 
        "type": "buy", 
        "amount": "0.00077960"
    }, 
    {
        "date": "1579392536", 
        "tid": "14388339", 
        "price": "120579000", 
        "type": "sell", 
        "amount": "0.00570568"
    }, 
    {
        "date": "1579392536", 
        "tid": "14388338", 
        "price": "120581000", 
        "type": "sell", 
        "amount": "0.00471548"
    }, 
    {
        "date": "1579392536", 
        "tid": "14388337", 
        "price": "120613000", 
        "type": "sell", 
        "amount": "0.01178818"
    }, 
    {
        "date": "1579392536", 
        "tid": "14388336", 
        "price": "120617000", 
        "type": "sell", 
        "amount": "0.00112200"
    }, 
    {
        "date": "1579392536", 
        "tid": "14388335", 
        "price": "120619000", 
        "type": "sell", 
        "amount": "0.00256591"
    }, 
    {
        "date": "1579392536", 
        "tid": "14388334", 
        "price": "120620000", 
        "type": "sell", 
        "amount": "0.00702758"
    }, 
    {
        "date": "1579392536", 
        "tid": "14388333", 
        "price": "120623000", 
        "type": "sell", 
        "amount": "0.01223609"
    }, 
    {
        "date": "1579392536", 
        "tid": "14388332", 
        "price": "120632000", 
        "type": "sell", 
        "amount": "0.00873000"
    }, 
    {
        "date": "1579392536", 
        "tid": "14388331", 
        "price": "120659000", 
        "type": "sell", 
        "amount": "0.00077960"
    }, 
    {
        "date": "1579392536", 
        "tid": "14388330", 
        "price": "120670000", 
        "type": "sell", 
        "amount": "0.00067890"
    }, 
    {
        "date": "1579392536", 
        "tid": "14388329", 
        "price": "120700000", 
        "type": "sell", 
        "amount": "0.00826504"
    }, 
    {
        "date": "1579392536", 
        "tid": "14388328", 
        "price": "120714000", 
        "type": "sell", 
        "amount": "0.00246508"
    }, 
    {
        "date": "1579392536", 
        "tid": "14388327", 
        "price": "120744000", 
        "type": "sell", 
        "amount": "0.00077959"
    }, 
    {
        "date": "1579392536", 
        "tid": "14388326", 
        "price": "120750000", 
        "type": "sell", 
        "amount": "0.00474087"
    }, 
    {
        "date": "1579392472", 
        "tid": "14388325", 
        "price": "120750000", 
        "type": "sell", 
        "amount": "0.00169853"
    }, 
    {
        "date": "1579392462", 
        "tid": "14388324", 
        "price": "120750000", 
        "type": "sell", 
        "amount": "0.00284789"
    }, 
    {
        "date": "1579392462", 
        "tid": "14388323", 
        "price": "120762000", 
        "type": "sell", 
        "amount": "0.02460562"
    }, 
    {
        "date": "1579392448", 
        "tid": "14388322", 
        "price": "120762000", 
        "type": "sell", 
        "amount": "0.00774522"
    }, 
    {
        "date": "1579392378", 
        "tid": "14388321", 
        "price": "120868000", 
        "type": "buy", 
        "amount": "0.00432620"
    }, 
    {
        "date": "1579392378", 
        "tid": "14388320", 
        "price": "120867000", 
        "type": "buy", 
        "amount": "0.00351570"
    }, 
    {
        "date": "1579392378", 
        "tid": "14388319", 
        "price": "120866000", 
        "type": "buy", 
        "amount": "0.00285653"
    }, 
    {
        "date": "1579392378", 
        "tid": "14388318", 
        "price": "120865000", 
        "type": "buy", 
        "amount": "0.00219735"
    }, 
    {
        "date": "1579392378", 
        "tid": "14388317", 
        "price": "120864000", 
        "type": "buy", 
        "amount": "0.00153816"
    }, 
    {
        "date": "1579392378", 
        "tid": "14388316", 
        "price": "120863000", 
        "type": "buy", 
        "amount": "0.00087895"
    }, 
    {
        "date": "1579392378", 
        "tid": "14388315", 
        "price": "120820000", 
        "type": "buy", 
        "amount": "0.07880383"
    }, 
    {
        "date": "1579392340", 
        "tid": "14388314", 
        "price": "120841000", 
        "type": "buy", 
        "amount": "0.13233837"
    }, 
    {
        "date": "1579392340", 
        "tid": "14388313", 
        "price": "120840000", 
        "type": "buy", 
        "amount": "0.00705534"
    }, 
    {
        "date": "1579392297", 
        "tid": "14388312", 
        "price": "120762000", 
        "type": "sell", 
        "amount": "0.00126915"
    }, 
    {
        "date": "1579392199", 
        "tid": "14388311", 
        "price": "120762000", 
        "type": "sell", 
        "amount": "0.00165695"
    }, 
    {
        "date": "1579392199", 
        "tid": "14388310", 
        "price": "120829000", 
        "type": "sell", 
        "amount": "0.00077959"
    }, 
    {
        "date": "1579392199", 
        "tid": "14388309", 
        "price": "120840000", 
        "type": "sell", 
        "amount": "0.00607177"
    }, 
    {
        "date": "1579392172", 
        "tid": "14388308", 
        "price": "120841000", 
        "type": "buy", 
        "amount": "0.04739961"
    }, 
    {
        "date": "1579392116", 
        "tid": "14388307", 
        "price": "120840000", 
        "type": "sell", 
        "amount": "0.00078745"
    }, 
    {
        "date": "1579391964", 
        "tid": "14388306", 
        "price": "120918000", 
        "type": "buy", 
        "amount": "0.00080105"
    }, 
    {
        "date": "1579391914", 
        "tid": "14388305", 
        "price": "120840000", 
        "type": "sell", 
        "amount": "0.00536770"
    }, 
    {
        "date": "1579391914", 
        "tid": "14388304", 
        "price": "120845000", 
        "type": "sell", 
        "amount": "0.00118282"
    }, 
    {
        "date": "1579391914", 
        "tid": "14388303", 
        "price": "120890000", 
        "type": "sell", 
        "amount": "0.00144364"
    }, 
    {
        "date": "1579391914", 
        "tid": "14388302", 
        "price": "120914000", 
        "type": "sell", 
        "amount": "0.00077960"
    }, 
    {
        "date": "1579391914", 
        "tid": "14388301", 
        "price": "120918000", 
        "type": "sell", 
        "amount": "0.00246508"
    }, 
    {
        "date": "1579391913", 
        "tid": "14388300", 
        "price": "120919000", 
        "type": "buy", 
        "amount": "0.00081157"
    }, 
    {
        "date": "1579391760", 
        "tid": "14388299", 
        "price": "120935000", 
        "type": "buy", 
        "amount": "0.00240545"
    }, 
    {
        "date": "1579391676", 
        "tid": "14388298", 
        "price": "120939000", 
        "type": "sell", 
        "amount": "0.00295189"
    }, 
    {
        "date": "1579391335", 
        "tid": "14388297", 
        "price": "120988000", 
        "type": "sell", 
        "amount": "0.00076397"
    }, 
    {
        "date": "1579391061", 
        "tid": "14388296", 
        "price": "120989000", 
        "type": "buy", 
        "amount": "0.00833223"
    }, 
    {
        "date": "1579390878", 
        "tid": "14388295", 
        "price": "120989000", 
        "type": "buy", 
        "amount": "0.02769961"
    }
]