[
    {
        "date": "1579396888", 
        "tid": "14388951", 
        "price": "122875000", 
        "type": "buy", 
        "amount": "0.00280550"
    }, 
    {
        "date": "1579396873", 
        "tid": "14388950", 
        "price": "122936000", 
        "type": "buy", 
        "amount": "0.00934701"
    }, 
    {
        "date": "1579396839", 
        "tid": "14388949", 
        "price": "122874000", 
        "type": "sell", 
        "amount": "0.08858350"
    }, 
    {
        "date": "1579396834", 
        "tid": "14388948", 
        "price": "122936000", 
        "type": "buy", 
        "amount": "0.13377252"
    }, 
    {
        "date": "1579396827", 
        "tid": "14388947", 
        "price": "122936000", 
        "type": "buy", 
        "amount": "0.04054992"
    }, 
    {
        "date": "1579396808", 
        "tid": "14388946", 
        "price": "122958000", 
        "type": "buy", 
        "amount": "0.02720171"
    }, 
    {
        "date": "1579396786", 
        "tid": "14388945", 
        "price": "122957000", 
        "type": "buy", 
        "amount": "0.00766040"
    }, 
    {
        "date": "1579396767", 
        "tid": "14388944", 
        "price": "122873000", 
        "type": "sell", 
        "amount": "0.03773691"
    }, 
    {
        "date": "1579396767", 
        "tid": "14388943", 
        "price": "122925000", 
        "type": "sell", 
        "amount": "0.00406752"
    }, 
    {
        "date": "1579396767", 
        "tid": "14388942", 
        "price": "122932000", 
        "type": "sell", 
        "amount": "0.17168258"
    }, 
    {
        "date": "1579396757", 
        "tid": "14388941", 
        "price": "122932000", 
        "type": "sell", 
        "amount": "0.00361741"
    }, 
    {
        "date": "1579396728", 
        "tid": "14388940", 
        "price": "122886000", 
        "type": "sell", 
        "amount": "0.02859714"
    }, 
    {
        "date": "1579396728", 
        "tid": "14388939", 
        "price": "122958000", 
        "type": "sell", 
        "amount": "0.17934681"
    }, 
    {
        "date": "1579396710", 
        "tid": "14388938", 
        "price": "122958000", 
        "type": "sell", 
        "amount": "0.01190556"
    }, 
    {
        "date": "1579396684", 
        "tid": "14388937", 
        "price": "122965000", 
        "type": "buy", 
        "amount": "0.02203835"
    }, 
    {
        "date": "1579396684", 
        "tid": "14388936", 
        "price": "122964000", 
        "type": "buy", 
        "amount": "0.01934879"
    }, 
    {
        "date": "1579396673", 
        "tid": "14388935", 
        "price": "122964000", 
        "type": "buy", 
        "amount": "0.00606250"
    }, 
    {
        "date": "1579396673", 
        "tid": "14388934", 
        "price": "122959000", 
        "type": "buy", 
        "amount": "0.00246508"
    }, 
    {
        "date": "1579396669", 
        "tid": "14388933", 
        "price": "122958000", 
        "type": "buy", 
        "amount": "0.00356845"
    }, 
    {
        "date": "1579396669", 
        "tid": "14388932", 
        "price": "122957000", 
        "type": "buy", 
        "amount": "0.00077960"
    }, 
    {
        "date": "1579396669", 
        "tid": "14388931", 
        "price": "122950000", 
        "type": "buy", 
        "amount": "0.00369732"
    }, 
    {
        "date": "1579396669", 
        "tid": "14388930", 
        "price": "122923000", 
        "type": "buy", 
        "amount": "0.00074470"
    }, 
    {
        "date": "1579396666", 
        "tid": "14388929", 
        "price": "122911000", 
        "type": "buy", 
        "amount": "0.00542167"
    }, 
    {
        "date": "1579396666", 
        "tid": "14388928", 
        "price": "122900000", 
        "type": "buy", 
        "amount": "0.00277299"
    }, 
    {
        "date": "1579396663", 
        "tid": "14388927", 
        "price": "122877000", 
        "type": "sell", 
        "amount": "0.07910781"
    }, 
    {
        "date": "1579396663", 
        "tid": "14388926", 
        "price": "122910000", 
        "type": "sell", 
        "amount": "0.05854644"
    }, 
    {
        "date": "1579396649", 
        "tid": "14388925", 
        "price": "122911000", 
        "type": "buy", 
        "amount": "0.08111633"
    }, 
    {
        "date": "1579396625", 
        "tid": "14388924", 
        "price": "122910000", 
        "type": "sell", 
        "amount": "0.01660839"
    }, 
    {
        "date": "1579396617", 
        "tid": "14388923", 
        "price": "122910000", 
        "type": "sell", 
        "amount": "0.00077960"
    }, 
    {
        "date": "1579396616", 
        "tid": "14388922", 
        "price": "122910000", 
        "type": "sell", 
        "amount": "0.00077960"
    }, 
    {
        "date": "1579396616", 
        "tid": "14388921", 
        "price": "122910000", 
        "type": "sell", 
        "amount": "0.00077960"
    }, 
    {
        "date": "1579396615", 
        "tid": "14388920", 
        "price": "122903000", 
        "type": "buy", 
        "amount": "0.00067890"
    }, 
    {
        "date": "1579396615", 
        "tid": "14388919", 
        "price": "122854000", 
        "type": "buy", 
        "amount": "0.00256592"
    }, 
    {
        "date": "1579396615", 
        "tid": "14388918", 
        "price": "122822000", 
        "type": "buy", 
        "amount": "0.00579336"
    }, 
    {
        "date": "1579396615", 
        "tid": "14388917", 
        "price": "122821000", 
        "type": "buy", 
        "amount": "0.00401395"
    }, 
    {
        "date": "1579396615", 
        "tid": "14388916", 
        "price": "122820000", 
        "type": "buy", 
        "amount": "0.00338020"
    }, 
    {
        "date": "1579396615", 
        "tid": "14388915", 
        "price": "122819000", 
        "type": "buy", 
        "amount": "0.00274643"
    }, 
    {
        "date": "1579396615", 
        "tid": "14388914", 
        "price": "122818000", 
        "type": "buy", 
        "amount": "0.00211266"
    }, 
    {
        "date": "1579396615", 
        "tid": "14388913", 
        "price": "122817000", 
        "type": "buy", 
        "amount": "0.00147887"
    }, 
    {
        "date": "1579396615", 
        "tid": "14388912", 
        "price": "122816000", 
        "type": "buy", 
        "amount": "0.00084508"
    }, 
    {
        "date": "1579396605", 
        "tid": "14388911", 
        "price": "122554000", 
        "type": "sell", 
        "amount": "0.25504546"
    }, 
    {
        "date": "1579396598", 
        "tid": "14388910", 
        "price": "122553000", 
        "type": "sell", 
        "amount": "0.01246587"
    }, 
    {
        "date": "1579396593", 
        "tid": "14388909", 
        "price": "122552000", 
        "type": "sell", 
        "amount": "0.01940324"
    }, 
    {
        "date": "1579396593", 
        "tid": "14388908", 
        "price": "122584000", 
        "type": "sell", 
        "amount": "0.00067889"
    }, 
    {
        "date": "1579396593", 
        "tid": "14388907", 
        "price": "122606000", 
        "type": "sell", 
        "amount": "0.00827525"
    }, 
    {
        "date": "1579396593", 
        "tid": "14388906", 
        "price": "122617000", 
        "type": "sell", 
        "amount": "0.00077959"
    }, 
    {
        "date": "1579396593", 
        "tid": "14388905", 
        "price": "122687000", 
        "type": "sell", 
        "amount": "0.00074469"
    }, 
    {
        "date": "1579396593", 
        "tid": "14388904", 
        "price": "122702000", 
        "type": "sell", 
        "amount": "0.00077959"
    }, 
    {
        "date": "1579396593", 
        "tid": "14388903", 
        "price": "122752000", 
        "type": "sell", 
        "amount": "0.00540619"
    }, 
    {
        "date": "1579396593", 
        "tid": "14388902", 
        "price": "122753000", 
        "type": "sell", 
        "amount": "0.00415857"
    }, 
    {
        "date": "1579396593", 
        "tid": "14388901", 
        "price": "122754000", 
        "type": "sell", 
        "amount": "0.00291097"
    }, 
    {
        "date": "1579396593", 
        "tid": "14388900", 
        "price": "122755000", 
        "type": "sell", 
        "amount": "0.00166340"
    }, 
    {
        "date": "1579396593", 
        "tid": "14388899", 
        "price": "122787000", 
        "type": "sell", 
        "amount": "0.00077959"
    }, 
    {
        "date": "1579396584", 
        "tid": "14388898", 
        "price": "122872000", 
        "type": "sell", 
        "amount": "0.00077959"
    }, 
    {
        "date": "1579396584", 
        "tid": "14388897", 
        "price": "122900000", 
        "type": "sell", 
        "amount": "0.05138027"
    }, 
    {
        "date": "1579396584", 
        "tid": "14388896", 
        "price": "122909000", 
        "type": "sell", 
        "amount": "0.24109273"
    }, 
    {
        "date": "1579396583", 
        "tid": "14388895", 
        "price": "122910000", 
        "type": "buy", 
        "amount": "0.00073005"
    }, 
    {
        "date": "1579396575", 
        "tid": "14388894", 
        "price": "122957000", 
        "type": "buy", 
        "amount": "0.04054299"
    }, 
    {
        "date": "1579396574", 
        "tid": "14388893", 
        "price": "122957000", 
        "type": "buy", 
        "amount": "0.03970098"
    }, 
    {
        "date": "1579396574", 
        "tid": "14388892", 
        "price": "122957000", 
        "type": "sell", 
        "amount": "0.25771938"
    }, 
    {
        "date": "1579396571", 
        "tid": "14388891", 
        "price": "122957000", 
        "type": "sell", 
        "amount": "0.01255672"
    }, 
    {
        "date": "1579396565", 
        "tid": "14388890", 
        "price": "122957000", 
        "type": "sell", 
        "amount": "0.02043714"
    }, 
    {
        "date": "1579396548", 
        "tid": "14388889", 
        "price": "122957000", 
        "type": "buy", 
        "amount": "0.00040802"
    }, 
    {
        "date": "1579396505", 
        "tid": "14388888", 
        "price": "122957000", 
        "type": "buy", 
        "amount": "0.00099701"
    }, 
    {
        "date": "1579396488", 
        "tid": "14388887", 
        "price": "122906000", 
        "type": "sell", 
        "amount": "0.33095530"
    }, 
    {
        "date": "1579396457", 
        "tid": "14388886", 
        "price": "122902000", 
        "type": "sell", 
        "amount": "0.00200000"
    }, 
    {
        "date": "1579396456", 
        "tid": "14388885", 
        "price": "122902000", 
        "type": "sell", 
        "amount": "0.13900532"
    }, 
    {
        "date": "1579396452", 
        "tid": "14388884", 
        "price": "122902000", 
        "type": "sell", 
        "amount": "0.00404483"
    }, 
    {
        "date": "1579396451", 
        "tid": "14388883", 
        "price": "122958000", 
        "type": "buy", 
        "amount": "0.00002321"
    }, 
    {
        "date": "1579396451", 
        "tid": "14388882", 
        "price": "122957000", 
        "type": "buy", 
        "amount": "0.00077960"
    }, 
    {
        "date": "1579396451", 
        "tid": "14388881", 
        "price": "122923000", 
        "type": "buy", 
        "amount": "0.00074470"
    }, 
    {
        "date": "1579396451", 
        "tid": "14388880", 
        "price": "122922000", 
        "type": "buy", 
        "amount": "0.00348239"
    }, 
    {
        "date": "1579396451", 
        "tid": "14388879", 
        "price": "122903000", 
        "type": "buy", 
        "amount": "0.00109778"
    }, 
    {
        "date": "1579396438", 
        "tid": "14388878", 
        "price": "122902000", 
        "type": "sell", 
        "amount": "0.00074300"
    }, 
    {
        "date": "1579396428", 
        "tid": "14388877", 
        "price": "122902000", 
        "type": "sell", 
        "amount": "0.02371803"
    }, 
    {
        "date": "1579396427", 
        "tid": "14388876", 
        "price": "122902000", 
        "type": "buy", 
        "amount": "0.00206466"
    }, 
    {
        "date": "1579396398", 
        "tid": "14388875", 
        "price": "122900000", 
        "type": "buy", 
        "amount": "0.22224300"
    }, 
    {
        "date": "1579396393", 
        "tid": "14388874", 
        "price": "122900000", 
        "type": "buy", 
        "amount": "0.02358467"
    }, 
    {
        "date": "1579396385", 
        "tid": "14388873", 
        "price": "122852000", 
        "type": "sell", 
        "amount": "0.00100000"
    }, 
    {
        "date": "1579396369", 
        "tid": "14388872", 
        "price": "122900000", 
        "type": "buy", 
        "amount": "0.00405618"
    }, 
    {
        "date": "1579396359", 
        "tid": "14388871", 
        "price": "122900000", 
        "type": "buy", 
        "amount": "0.00708684"
    }, 
    {
        "date": "1579396359", 
        "tid": "14388870", 
        "price": "122873000", 
        "type": "buy", 
        "amount": "0.00163788"
    }, 
    {
        "date": "1579396343", 
        "tid": "14388869", 
        "price": "122851000", 
        "type": "sell", 
        "amount": "0.03906325"
    }, 
    {
        "date": "1579396343", 
        "tid": "14388868", 
        "price": "122870000", 
        "type": "sell", 
        "amount": "0.01800860"
    }, 
    {
        "date": "1579396343", 
        "tid": "14388867", 
        "price": "122871000", 
        "type": "sell", 
        "amount": "0.02831949"
    }, 
    {
        "date": "1579396343", 
        "tid": "14388866", 
        "price": "122872000", 
        "type": "sell", 
        "amount": "0.00166181"
    }, 
    {
        "date": "1579396341", 
        "tid": "14388865", 
        "price": "122900000", 
        "type": "buy", 
        "amount": "0.01691111"
    }, 
    {
        "date": "1579396337", 
        "tid": "14388864", 
        "price": "122900000", 
        "type": "buy", 
        "amount": "0.01255672"
    }, 
    {
        "date": "1579396324", 
        "tid": "14388863", 
        "price": "122900000", 
        "type": "buy", 
        "amount": "0.03407191"
    }, 
    {
        "date": "1579396321", 
        "tid": "14388862", 
        "price": "122900000", 
        "type": "buy", 
        "amount": "0.12313111"
    }, 
    {
        "date": "1579396321", 
        "tid": "14388861", 
        "price": "122889000", 
        "type": "buy", 
        "amount": "0.07890554"
    }, 
    {
        "date": "1579396321", 
        "tid": "14388860", 
        "price": "122872000", 
        "type": "buy", 
        "amount": "0.00077960"
    }, 
    {
        "date": "1579396309", 
        "tid": "14388859", 
        "price": "122866000", 
        "type": "buy", 
        "amount": "0.00387195"
    }, 
    {
        "date": "1579396309", 
        "tid": "14388858", 
        "price": "122865000", 
        "type": "buy", 
        "amount": "0.00147830"
    }, 
    {
        "date": "1579396309", 
        "tid": "14388857", 
        "price": "122864000", 
        "type": "buy", 
        "amount": "0.00084475"
    }, 
    {
        "date": "1579396301", 
        "tid": "14388856", 
        "price": "122850000", 
        "type": "buy", 
        "amount": "0.00865653"
    }, 
    {
        "date": "1579396298", 
        "tid": "14388855", 
        "price": "122850000", 
        "type": "buy", 
        "amount": "0.01190556"
    }, 
    {
        "date": "1579396298", 
        "tid": "14388854", 
        "price": "122850000", 
        "type": "buy", 
        "amount": "0.02466308"
    }, 
    {
        "date": "1579396294", 
        "tid": "14388853", 
        "price": "122850000", 
        "type": "buy", 
        "amount": "0.01173241"
    }, 
    {
        "date": "1579396286", 
        "tid": "14388852", 
        "price": "122850000", 
        "type": "buy", 
        "amount": "0.01583875"
    }, 
    {
        "date": "1579396282", 
        "tid": "14388851", 
        "price": "122845000", 
        "type": "sell", 
        "amount": "0.00150000"
    }, 
    {
        "date": "1579396273", 
        "tid": "14388850", 
        "price": "122801000", 
        "type": "sell", 
        "amount": "0.00809647"
    }, 
    {
        "date": "1579396267", 
        "tid": "14388849", 
        "price": "122850000", 
        "type": "buy", 
        "amount": "0.00721013"
    }, 
    {
        "date": "1579396261", 
        "tid": "14388848", 
        "price": "122850000", 
        "type": "buy", 
        "amount": "0.00879931"
    }, 
    {
        "date": "1579396236", 
        "tid": "14388847", 
        "price": "122750000", 
        "type": "sell", 
        "amount": "0.00162052"
    }, 
    {
        "date": "1579396236", 
        "tid": "14388846", 
        "price": "122751000", 
        "type": "sell", 
        "amount": "0.00291104"
    }, 
    {
        "date": "1579396236", 
        "tid": "14388845", 
        "price": "122752000", 
        "type": "sell", 
        "amount": "0.00166344"
    }, 
    {
        "date": "1579396236", 
        "tid": "14388844", 
        "price": "122787000", 
        "type": "sell", 
        "amount": "0.00077959"
    }, 
    {
        "date": "1579396224", 
        "tid": "14388843", 
        "price": "122605000", 
        "type": "sell", 
        "amount": "0.00082701"
    }, 
    {
        "date": "1579396223", 
        "tid": "14388842", 
        "price": "122865000", 
        "type": "buy", 
        "amount": "0.00080007"
    }, 
    {
        "date": "1579396218", 
        "tid": "14388841", 
        "price": "122889000", 
        "type": "buy", 
        "amount": "0.12169628"
    }, 
    {
        "date": "1579396203", 
        "tid": "14388840", 
        "price": "122889000", 
        "type": "buy", 
        "amount": "0.30419546"
    }, 
    {
        "date": "1579396203", 
        "tid": "14388839", 
        "price": "122883000", 
        "type": "buy", 
        "amount": "0.00076830"
    }, 
    {
        "date": "1579396203", 
        "tid": "14388838", 
        "price": "122872000", 
        "type": "buy", 
        "amount": "0.00077960"
    }, 
    {
        "date": "1579396203", 
        "tid": "14388837", 
        "price": "122863000", 
        "type": "buy", 
        "amount": "0.00326903"
    }, 
    {
        "date": "1579396203", 
        "tid": "14388836", 
        "price": "122862000", 
        "type": "buy", 
        "amount": "0.01223609"
    }, 
    {
        "date": "1579396203", 
        "tid": "14388835", 
        "price": "122854000", 
        "type": "buy", 
        "amount": "0.00256592"
    }, 
    {
        "date": "1579396203", 
        "tid": "14388834", 
        "price": "122826000", 
        "type": "buy", 
        "amount": "0.00044034"
    }, 
    {
        "date": "1579396203", 
        "tid": "14388833", 
        "price": "122813000", 
        "type": "buy", 
        "amount": "0.05857740"
    }, 
    {
        "date": "1579396203", 
        "tid": "14388832", 
        "price": "122795000", 
        "type": "buy", 
        "amount": "0.00501985"
    }, 
    {
        "date": "1579396203", 
        "tid": "14388831", 
        "price": "122787000", 
        "type": "buy", 
        "amount": "0.00077960"
    }, 
    {
        "date": "1579396203", 
        "tid": "14388830", 
        "price": "122785000", 
        "type": "buy", 
        "amount": "0.00091051"
    }, 
    {
        "date": "1579396203", 
        "tid": "14388829", 
        "price": "122780000", 
        "type": "buy", 
        "amount": "0.12531328"
    }, 
    {
        "date": "1579396203", 
        "tid": "14388828", 
        "price": "122755000", 
        "type": "buy", 
        "amount": "0.00246508"
    }, 
    {
        "date": "1579396203", 
        "tid": "14388827", 
        "price": "122750000", 
        "type": "buy", 
        "amount": "0.00835600"
    }, 
    {
        "date": "1579396203", 
        "tid": "14388826", 
        "price": "122727000", 
        "type": "buy", 
        "amount": "0.00243415"
    }, 
    {
        "date": "1579396203", 
        "tid": "14388825", 
        "price": "122711000", 
        "type": "buy", 
        "amount": "0.00068013"
    }, 
    {
        "date": "1579396203", 
        "tid": "14388824", 
        "price": "122702000", 
        "type": "buy", 
        "amount": "0.00077960"
    }, 
    {
        "date": "1579396203", 
        "tid": "14388823", 
        "price": "122687000", 
        "type": "buy", 
        "amount": "0.00074470"
    }, 
    {
        "date": "1579396203", 
        "tid": "14388822", 
        "price": "122678000", 
        "type": "buy", 
        "amount": "0.15000000"
    }, 
    {
        "date": "1579396203", 
        "tid": "14388821", 
        "price": "122665000", 
        "type": "buy", 
        "amount": "0.00839672"
    }, 
    {
        "date": "1579396203", 
        "tid": "14388820", 
        "price": "122660000", 
        "type": "buy", 
        "amount": "0.00043415"
    }, 
    {
        "date": "1579396203", 
        "tid": "14388819", 
        "price": "122651000", 
        "type": "buy", 
        "amount": "0.00896358"
    }, 
    {
        "date": "1579396203", 
        "tid": "14388818", 
        "price": "122633000", 
        "type": "buy", 
        "amount": "0.00392432"
    }, 
    {
        "date": "1579396203", 
        "tid": "14388817", 
        "price": "122631000", 
        "type": "buy", 
        "amount": "0.00202562"
    }, 
    {
        "date": "1579396203", 
        "tid": "14388816", 
        "price": "122629000", 
        "type": "buy", 
        "amount": "0.00051077"
    }, 
    {
        "date": "1579396203", 
        "tid": "14388815", 
        "price": "122617000", 
        "type": "buy", 
        "amount": "0.00077960"
    }, 
    {
        "date": "1579396203", 
        "tid": "14388814", 
        "price": "122612000", 
        "type": "buy", 
        "amount": "0.00133139"
    }, 
    {
        "date": "1579396203", 
        "tid": "14388813", 
        "price": "122606000", 
        "type": "buy", 
        "amount": "0.00256592"
    }, 
    {
        "date": "1579396203", 
        "tid": "14388812", 
        "price": "122602000", 
        "type": "buy", 
        "amount": "0.00813037"
    }, 
    {
        "date": "1579396203", 
        "tid": "14388811", 
        "price": "122600000", 
        "type": "buy", 
        "amount": "0.00042000"
    }, 
    {
        "date": "1579396203", 
        "tid": "14388810", 
        "price": "122596000", 
        "type": "buy", 
        "amount": "0.00081896"
    }, 
    {
        "date": "1579396203", 
        "tid": "14388809", 
        "price": "122591000", 
        "type": "buy", 
        "amount": "0.01967687"
    }, 
    {
        "date": "1579396203", 
        "tid": "14388808", 
        "price": "122584000", 
        "type": "buy", 
        "amount": "0.00067890"
    }, 
    {
        "date": "1579396203", 
        "tid": "14388807", 
        "price": "122578000", 
        "type": "buy", 
        "amount": "0.00803571"
    }, 
    {
        "date": "1579396203", 
        "tid": "14388806", 
        "price": "122567000", 
        "type": "buy", 
        "amount": "0.04893300"
    }, 
    {
        "date": "1579396203", 
        "tid": "14388805", 
        "price": "122551000", 
        "type": "buy", 
        "amount": "0.00833219"
    }, 
    {
        "date": "1579396203", 
        "tid": "14388804", 
        "price": "122531000", 
        "type": "buy", 
        "amount": "0.00132241"
    }, 
    {
        "date": "1579396203", 
        "tid": "14388803", 
        "price": "122520000", 
        "type": "buy", 
        "amount": "0.00048112"
    }, 
    {
        "date": "1579396203", 
        "tid": "14388802", 
        "price": "122519000", 
        "type": "buy", 
        "amount": "0.01817944"
    }
]