[
    {
        "date": "1579371693", 
        "tid": "14387867", 
        "price": "120655000", 
        "type": "sell", 
        "amount": "0.00154282"
    }, 
    {
        "date": "1579371464", 
        "tid": "14387866", 
        "price": "120712000", 
        "type": "buy", 
        "amount": "0.00708178"
    }, 
    {
        "date": "1579371455", 
        "tid": "14387865", 
        "price": "120712000", 
        "type": "buy", 
        "amount": "0.00447344"
    }, 
    {
        "date": "1579371455", 
        "tid": "14387864", 
        "price": "120683000", 
        "type": "buy", 
        "amount": "0.00244095"
    }, 
    {
        "date": "1579371455", 
        "tid": "14387863", 
        "price": "120659000", 
        "type": "buy", 
        "amount": "0.00016810"
    }, 
    {
        "date": "1579371447", 
        "tid": "14387862", 
        "price": "120659000", 
        "type": "buy", 
        "amount": "0.00061150"
    }, 
    {
        "date": "1579371447", 
        "tid": "14387861", 
        "price": "120653000", 
        "type": "buy", 
        "amount": "0.00119577"
    }, 
    {
        "date": "1579371447", 
        "tid": "14387860", 
        "price": "120622000", 
        "type": "buy", 
        "amount": "0.00244095"
    }, 
    {
        "date": "1579371447", 
        "tid": "14387859", 
        "price": "120591000", 
        "type": "buy", 
        "amount": "0.00244095"
    }, 
    {
        "date": "1579371447", 
        "tid": "14387858", 
        "price": "120586000", 
        "type": "buy", 
        "amount": "0.00039818"
    }, 
    {
        "date": "1579371433", 
        "tid": "14387857", 
        "price": "120586000", 
        "type": "buy", 
        "amount": "0.01210465"
    }, 
    {
        "date": "1579371433", 
        "tid": "14387856", 
        "price": "120585000", 
        "type": "buy", 
        "amount": "0.00207374"
    }, 
    {
        "date": "1579371230", 
        "tid": "14387855", 
        "price": "120585000", 
        "type": "buy", 
        "amount": "0.00113020"
    }, 
    {
        "date": "1579371230", 
        "tid": "14387854", 
        "price": "120561000", 
        "type": "buy", 
        "amount": "0.00244095"
    }, 
    {
        "date": "1579371230", 
        "tid": "14387853", 
        "price": "120556000", 
        "type": "buy", 
        "amount": "0.00351945"
    }, 
    {
        "date": "1579371229", 
        "tid": "14387852", 
        "price": "120500000", 
        "type": "sell", 
        "amount": "0.00106799"
    }, 
    {
        "date": "1579371222", 
        "tid": "14387851", 
        "price": "120554000", 
        "type": "buy", 
        "amount": "0.00246354"
    }, 
    {
        "date": "1579371222", 
        "tid": "14387850", 
        "price": "120553000", 
        "type": "buy", 
        "amount": "0.00220362"
    }, 
    {
        "date": "1579371222", 
        "tid": "14387849", 
        "price": "120552000", 
        "type": "buy", 
        "amount": "0.00154254"
    }, 
    {
        "date": "1579371222", 
        "tid": "14387848", 
        "price": "120551000", 
        "type": "buy", 
        "amount": "0.00088146"
    }, 
    {
        "date": "1579371188", 
        "tid": "14387847", 
        "price": "120520000", 
        "type": "buy", 
        "amount": "0.00246423"
    }, 
    {
        "date": "1579371188", 
        "tid": "14387846", 
        "price": "120519000", 
        "type": "buy", 
        "amount": "0.00220424"
    }, 
    {
        "date": "1579371188", 
        "tid": "14387845", 
        "price": "120518000", 
        "type": "buy", 
        "amount": "0.00154298"
    }, 
    {
        "date": "1579371188", 
        "tid": "14387844", 
        "price": "120517000", 
        "type": "buy", 
        "amount": "0.00088171"
    }, 
    {
        "date": "1579371118", 
        "tid": "14387843", 
        "price": "120556000", 
        "type": "buy", 
        "amount": "0.00709094"
    }, 
    {
        "date": "1579371108", 
        "tid": "14387842", 
        "price": "120556000", 
        "type": "buy", 
        "amount": "0.00709094"
    }, 
    {
        "date": "1579371090", 
        "tid": "14387841", 
        "price": "120556000", 
        "type": "buy", 
        "amount": "0.00709094"
    }, 
    {
        "date": "1579371075", 
        "tid": "14387840", 
        "price": "120556000", 
        "type": "buy", 
        "amount": "0.00465054"
    }, 
    {
        "date": "1579371075", 
        "tid": "14387839", 
        "price": "120530000", 
        "type": "buy", 
        "amount": "0.00244095"
    }, 
    {
        "date": "1579371073", 
        "tid": "14387838", 
        "price": "120489000", 
        "type": "sell", 
        "amount": "0.00047666"
    }, 
    {
        "date": "1579371065", 
        "tid": "14387837", 
        "price": "120556000", 
        "type": "buy", 
        "amount": "0.00709094"
    }, 
    {
        "date": "1579371055", 
        "tid": "14387836", 
        "price": "120489000", 
        "type": "sell", 
        "amount": "0.16119225"
    }, 
    {
        "date": "1579371055", 
        "tid": "14387835", 
        "price": "120500000", 
        "type": "sell", 
        "amount": "0.13572573"
    }, 
    {
        "date": "1579371055", 
        "tid": "14387834", 
        "price": "120530000", 
        "type": "sell", 
        "amount": "0.00244096"
    }, 
    {
        "date": "1579371055", 
        "tid": "14387833", 
        "price": "120531000", 
        "type": "sell", 
        "amount": "0.00422585"
    }, 
    {
        "date": "1579371055", 
        "tid": "14387832", 
        "price": "120555000", 
        "type": "sell", 
        "amount": "0.10736904"
    }, 
    {
        "date": "1579371033", 
        "tid": "14387831", 
        "price": "120555000", 
        "type": "sell", 
        "amount": "0.00456100"
    }, 
    {
        "date": "1579370911", 
        "tid": "14387830", 
        "price": "120556000", 
        "type": "buy", 
        "amount": "0.00079267"
    }, 
    {
        "date": "1579370909", 
        "tid": "14387829", 
        "price": "120555000", 
        "type": "sell", 
        "amount": "0.08299789"
    }, 
    {
        "date": "1579370780", 
        "tid": "14387828", 
        "price": "120555000", 
        "type": "sell", 
        "amount": "0.00089602"
    }, 
    {
        "date": "1579370750", 
        "tid": "14387827", 
        "price": "120555000", 
        "type": "sell", 
        "amount": "0.04693543"
    }, 
    {
        "date": "1579370750", 
        "tid": "14387826", 
        "price": "120561000", 
        "type": "sell", 
        "amount": "0.04391372"
    }, 
    {
        "date": "1579370750", 
        "tid": "14387825", 
        "price": "120591000", 
        "type": "sell", 
        "amount": "0.00244096"
    }, 
    {
        "date": "1579370750", 
        "tid": "14387824", 
        "price": "120652000", 
        "type": "sell", 
        "amount": "0.00670989"
    }, 
    {
        "date": "1579370659", 
        "tid": "14387823", 
        "price": "120652000", 
        "type": "sell", 
        "amount": "0.00354087"
    }, 
    {
        "date": "1579370616", 
        "tid": "14387822", 
        "price": "120652000", 
        "type": "sell", 
        "amount": "0.00244095"
    }, 
    {
        "date": "1579370611", 
        "tid": "14387821", 
        "price": "120591000", 
        "type": "buy", 
        "amount": "0.00133768"
    }, 
    {
        "date": "1579370603", 
        "tid": "14387820", 
        "price": "120591000", 
        "type": "sell", 
        "amount": "0.00244096"
    }, 
    {
        "date": "1579370534", 
        "tid": "14387819", 
        "price": "120653000", 
        "type": "buy", 
        "amount": "0.00124518"
    }, 
    {
        "date": "1579370534", 
        "tid": "14387818", 
        "price": "120622000", 
        "type": "buy", 
        "amount": "0.00244095"
    }, 
    {
        "date": "1579370497", 
        "tid": "14387817", 
        "price": "120555000", 
        "type": "sell", 
        "amount": "0.01032119"
    }, 
    {
        "date": "1579370497", 
        "tid": "14387816", 
        "price": "120556000", 
        "type": "sell", 
        "amount": "0.05193373"
    }, 
    {
        "date": "1579370497", 
        "tid": "14387815", 
        "price": "120600000", 
        "type": "sell", 
        "amount": "0.02092753"
    }, 
    {
        "date": "1579370489", 
        "tid": "14387814", 
        "price": "120600000", 
        "type": "sell", 
        "amount": "0.00150000"
    }, 
    {
        "date": "1579370421", 
        "tid": "14387813", 
        "price": "120591000", 
        "type": "buy", 
        "amount": "0.00244095"
    }, 
    {
        "date": "1579370398", 
        "tid": "14387812", 
        "price": "120556000", 
        "type": "sell", 
        "amount": "0.03235486"
    }, 
    {
        "date": "1579370398", 
        "tid": "14387811", 
        "price": "120561000", 
        "type": "sell", 
        "amount": "0.00244094"
    }, 
    {
        "date": "1579370398", 
        "tid": "14387810", 
        "price": "120574000", 
        "type": "sell", 
        "amount": "0.00077959"
    }, 
    {
        "date": "1579370398", 
        "tid": "14387809", 
        "price": "120586000", 
        "type": "sell", 
        "amount": "0.00553798"
    }, 
    {
        "date": "1579370398", 
        "tid": "14387808", 
        "price": "120587000", 
        "type": "sell", 
        "amount": "0.00425995"
    }, 
    {
        "date": "1579370398", 
        "tid": "14387807", 
        "price": "120588000", 
        "type": "sell", 
        "amount": "0.00298194"
    }, 
    {
        "date": "1579370398", 
        "tid": "14387806", 
        "price": "120589000", 
        "type": "sell", 
        "amount": "0.00170395"
    }, 
    {
        "date": "1579370398", 
        "tid": "14387805", 
        "price": "120591000", 
        "type": "sell", 
        "amount": "0.00244096"
    }, 
    {
        "date": "1579370398", 
        "tid": "14387804", 
        "price": "120622000", 
        "type": "sell", 
        "amount": "0.00244095"
    }, 
    {
        "date": "1579370398", 
        "tid": "14387803", 
        "price": "120653000", 
        "type": "sell", 
        "amount": "0.00244095"
    }, 
    {
        "date": "1579370398", 
        "tid": "14387802", 
        "price": "120656000", 
        "type": "sell", 
        "amount": "0.01398546"
    }, 
    {
        "date": "1579370398", 
        "tid": "14387801", 
        "price": "120658000", 
        "type": "sell", 
        "amount": "0.00095614"
    }, 
    {
        "date": "1579370398", 
        "tid": "14387800", 
        "price": "120659000", 
        "type": "sell", 
        "amount": "0.00077960"
    }, 
    {
        "date": "1579370382", 
        "tid": "14387799", 
        "price": "120660000", 
        "type": "sell", 
        "amount": "0.16171854"
    }, 
    {
        "date": "1579370382", 
        "tid": "14387798", 
        "price": "120683000", 
        "type": "sell", 
        "amount": "0.00244095"
    }, 
    {
        "date": "1579370382", 
        "tid": "14387797", 
        "price": "120714000", 
        "type": "sell", 
        "amount": "0.00244095"
    }, 
    {
        "date": "1579370382", 
        "tid": "14387796", 
        "price": "120744000", 
        "type": "sell", 
        "amount": "0.00028456"
    }, 
    {
        "date": "1579370277", 
        "tid": "14387795", 
        "price": "120744000", 
        "type": "sell", 
        "amount": "0.00106020"
    }, 
    {
        "date": "1579370183", 
        "tid": "14387794", 
        "price": "120745000", 
        "type": "buy", 
        "amount": "0.00628392"
    }, 
    {
        "date": "1579370171", 
        "tid": "14387793", 
        "price": "120744000", 
        "type": "sell", 
        "amount": "0.00067223"
    }, 
    {
        "date": "1579370168", 
        "tid": "14387792", 
        "price": "120744000", 
        "type": "sell", 
        "amount": "0.00042398"
    }, 
    {
        "date": "1579370090", 
        "tid": "14387791", 
        "price": "120790000", 
        "type": "buy", 
        "amount": "0.21709124"
    }, 
    {
        "date": "1579370090", 
        "tid": "14387790", 
        "price": "120789000", 
        "type": "buy", 
        "amount": "0.57619201"
    }, 
    {
        "date": "1579370090", 
        "tid": "14387789", 
        "price": "120775000", 
        "type": "buy", 
        "amount": "0.00244095"
    }, 
    {
        "date": "1579370090", 
        "tid": "14387788", 
        "price": "120750000", 
        "type": "buy", 
        "amount": "0.00050472"
    }, 
    {
        "date": "1579370090", 
        "tid": "14387787", 
        "price": "120744000", 
        "type": "buy", 
        "amount": "0.00322055"
    }, 
    {
        "date": "1579370090", 
        "tid": "14387786", 
        "price": "120714000", 
        "type": "buy", 
        "amount": "0.00293727"
    }, 
    {
        "date": "1579370090", 
        "tid": "14387785", 
        "price": "120700000", 
        "type": "buy", 
        "amount": "0.00833258"
    }, 
    {
        "date": "1579369940", 
        "tid": "14387784", 
        "price": "120700000", 
        "type": "buy", 
        "amount": "0.03365537"
    }, 
    {
        "date": "1579369940", 
        "tid": "14387783", 
        "price": "120699000", 
        "type": "buy", 
        "amount": "0.04000000"
    }, 
    {
        "date": "1579369940", 
        "tid": "14387782", 
        "price": "120695000", 
        "type": "buy", 
        "amount": "0.03000000"
    }, 
    {
        "date": "1579369940", 
        "tid": "14387781", 
        "price": "120693000", 
        "type": "buy", 
        "amount": "0.03000000"
    }, 
    {
        "date": "1579369940", 
        "tid": "14387780", 
        "price": "120690000", 
        "type": "buy", 
        "amount": "0.03000000"
    }, 
    {
        "date": "1579369940", 
        "tid": "14387779", 
        "price": "120689000", 
        "type": "buy", 
        "amount": "0.08928224"
    }, 
    {
        "date": "1579369940", 
        "tid": "14387778", 
        "price": "120687000", 
        "type": "buy", 
        "amount": "0.00095734"
    }, 
    {
        "date": "1579369940", 
        "tid": "14387777", 
        "price": "120683000", 
        "type": "buy", 
        "amount": "0.00244095"
    }, 
    {
        "date": "1579369940", 
        "tid": "14387776", 
        "price": "120671000", 
        "type": "buy", 
        "amount": "0.01420408"
    }, 
    {
        "date": "1579369940", 
        "tid": "14387775", 
        "price": "120670000", 
        "type": "buy", 
        "amount": "0.00067890"
    }, 
    {
        "date": "1579369940", 
        "tid": "14387774", 
        "price": "120660000", 
        "type": "buy", 
        "amount": "0.05800000"
    }, 
    {
        "date": "1579369940", 
        "tid": "14387773", 
        "price": "120659000", 
        "type": "buy", 
        "amount": "0.00122775"
    }, 
    {
        "date": "1579369401", 
        "tid": "14387772", 
        "price": "120657000", 
        "type": "sell", 
        "amount": "0.00083187"
    }, 
    {
        "date": "1579369401", 
        "tid": "14387771", 
        "price": "120657000", 
        "type": "sell", 
        "amount": "0.00070599"
    }, 
    {
        "date": "1579369398", 
        "tid": "14387770", 
        "price": "120657000", 
        "type": "sell", 
        "amount": "0.00217950"
    }, 
    {
        "date": "1579369374", 
        "tid": "14387769", 
        "price": "120656000", 
        "type": "buy", 
        "amount": "0.00773737"
    }, 
    {
        "date": "1579369374", 
        "tid": "14387768", 
        "price": "120655000", 
        "type": "buy", 
        "amount": "0.02006072"
    }, 
    {
        "date": "1579369358", 
        "tid": "14387767", 
        "price": "120655000", 
        "type": "buy", 
        "amount": "0.00140476"
    }, 
    {
        "date": "1579369304", 
        "tid": "14387766", 
        "price": "120656000", 
        "type": "buy", 
        "amount": "0.00568986"
    }, 
    {
        "date": "1579369304", 
        "tid": "14387765", 
        "price": "120654000", 
        "type": "buy", 
        "amount": "0.01645078"
    }, 
    {
        "date": "1579369304", 
        "tid": "14387764", 
        "price": "120653000", 
        "type": "buy", 
        "amount": "0.03320679"
    }, 
    {
        "date": "1579369301", 
        "tid": "14387763", 
        "price": "120653000", 
        "type": "buy", 
        "amount": "0.00793630"
    }, 
    {
        "date": "1579369294", 
        "tid": "14387762", 
        "price": "120653000", 
        "type": "buy", 
        "amount": "0.00428289"
    }, 
    {
        "date": "1579369294", 
        "tid": "14387761", 
        "price": "120622000", 
        "type": "buy", 
        "amount": "0.00244828"
    }, 
    {
        "date": "1579369294", 
        "tid": "14387760", 
        "price": "120591000", 
        "type": "buy", 
        "amount": "0.00244828"
    }, 
    {
        "date": "1579369266", 
        "tid": "14387759", 
        "price": "120568000", 
        "type": "sell", 
        "amount": "0.00775266"
    }, 
    {
        "date": "1579369205", 
        "tid": "14387758", 
        "price": "120567000", 
        "type": "sell", 
        "amount": "0.00244828"
    }, 
    {
        "date": "1579369204", 
        "tid": "14387757", 
        "price": "120567000", 
        "type": "sell", 
        "amount": "0.00244828"
    }, 
    {
        "date": "1579369203", 
        "tid": "14387756", 
        "price": "120567000", 
        "type": "sell", 
        "amount": "0.00244828"
    }, 
    {
        "date": "1579369203", 
        "tid": "14387755", 
        "price": "120567000", 
        "type": "sell", 
        "amount": "0.00244828"
    }, 
    {
        "date": "1579369202", 
        "tid": "14387754", 
        "price": "120567000", 
        "type": "sell", 
        "amount": "0.00244828"
    }, 
    {
        "date": "1579369201", 
        "tid": "14387753", 
        "price": "120567000", 
        "type": "sell", 
        "amount": "0.00244828"
    }, 
    {
        "date": "1579369201", 
        "tid": "14387752", 
        "price": "120567000", 
        "type": "sell", 
        "amount": "0.00244828"
    }, 
    {
        "date": "1579369200", 
        "tid": "14387751", 
        "price": "120567000", 
        "type": "sell", 
        "amount": "0.00244828"
    }, 
    {
        "date": "1579369199", 
        "tid": "14387750", 
        "price": "120567000", 
        "type": "sell", 
        "amount": "0.00187924"
    }, 
    {
        "date": "1579368997", 
        "tid": "14387749", 
        "price": "120653000", 
        "type": "buy", 
        "amount": "0.01475920"
    }, 
    {
        "date": "1579368992", 
        "tid": "14387748", 
        "price": "120555000", 
        "type": "sell", 
        "amount": "0.00082339"
    }, 
    {
        "date": "1579368988", 
        "tid": "14387747", 
        "price": "120653000", 
        "type": "buy", 
        "amount": "0.01392222"
    }, 
    {
        "date": "1579368988", 
        "tid": "14387746", 
        "price": "120650000", 
        "type": "buy", 
        "amount": "0.00027052"
    }, 
    {
        "date": "1579368978", 
        "tid": "14387745", 
        "price": "120650000", 
        "type": "buy", 
        "amount": "0.02257969"
    }, 
    {
        "date": "1579368978", 
        "tid": "14387744", 
        "price": "120556000", 
        "type": "buy", 
        "amount": "0.00272315"
    }, 
    {
        "date": "1579368956", 
        "tid": "14387743", 
        "price": "120555000", 
        "type": "sell", 
        "amount": "0.00116636"
    }, 
    {
        "date": "1579368913", 
        "tid": "14387742", 
        "price": "120653000", 
        "type": "buy", 
        "amount": "0.00493661"
    }, 
    {
        "date": "1579368859", 
        "tid": "14387741", 
        "price": "120653000", 
        "type": "buy", 
        "amount": "0.00792860"
    }, 
    {
        "date": "1579368846", 
        "tid": "14387740", 
        "price": "120653000", 
        "type": "buy", 
        "amount": "0.00711746"
    }, 
    {
        "date": "1579368846", 
        "tid": "14387739", 
        "price": "120650000", 
        "type": "buy", 
        "amount": "0.00152164"
    }, 
    {
        "date": "1579368797", 
        "tid": "14387738", 
        "price": "120653000", 
        "type": "buy", 
        "amount": "0.00617075"
    }, 
    {
        "date": "1579368789", 
        "tid": "14387737", 
        "price": "120653000", 
        "type": "buy", 
        "amount": "0.00381233"
    }, 
    {
        "date": "1579368789", 
        "tid": "14387736", 
        "price": "120644000", 
        "type": "buy", 
        "amount": "0.00050725"
    }, 
    {
        "date": "1579368774", 
        "tid": "14387735", 
        "price": "120654000", 
        "type": "buy", 
        "amount": "0.00025388"
    }, 
    {
        "date": "1579368774", 
        "tid": "14387734", 
        "price": "120644000", 
        "type": "buy", 
        "amount": "0.00159747"
    }, 
    {
        "date": "1579368758", 
        "tid": "14387733", 
        "price": "120644000", 
        "type": "buy", 
        "amount": "0.00287941"
    }, 
    {
        "date": "1579368758", 
        "tid": "14387732", 
        "price": "120632000", 
        "type": "buy", 
        "amount": "0.00020623"
    }, 
    {
        "date": "1579368732", 
        "tid": "14387731", 
        "price": "120632000", 
        "type": "buy", 
        "amount": "0.00023411"
    }, 
    {
        "date": "1579368732", 
        "tid": "14387730", 
        "price": "120619000", 
        "type": "buy", 
        "amount": "0.00256592"
    }, 
    {
        "date": "1579368732", 
        "tid": "14387729", 
        "price": "120617000", 
        "type": "buy", 
        "amount": "0.00112200"
    }, 
    {
        "date": "1579368732", 
        "tid": "14387728", 
        "price": "120600000", 
        "type": "buy", 
        "amount": "0.00039880"
    }, 
    {
        "date": "1579368692", 
        "tid": "14387727", 
        "price": "120600000", 
        "type": "buy", 
        "amount": "0.01358163"
    }, 
    {
        "date": "1579368680", 
        "tid": "14387726", 
        "price": "120600000", 
        "type": "buy", 
        "amount": "0.00370407"
    }, 
    {
        "date": "1579368672", 
        "tid": "14387725", 
        "price": "120600000", 
        "type": "buy", 
        "amount": "0.00432143"
    }, 
    {
        "date": "1579368660", 
        "tid": "14387724", 
        "price": "120600000", 
        "type": "buy", 
        "amount": "0.00432189"
    }, 
    {
        "date": "1579368652", 
        "tid": "14387723", 
        "price": "120600000", 
        "type": "buy", 
        "amount": "0.00482958"
    }, 
    {
        "date": "1579368652", 
        "tid": "14387722", 
        "price": "120574000", 
        "type": "buy", 
        "amount": "0.00265944"
    }, 
    {
        "date": "1579368648", 
        "tid": "14387721", 
        "price": "120489000", 
        "type": "buy", 
        "amount": "0.00756700"
    }, 
    {
        "date": "1579368558", 
        "tid": "14387720", 
        "price": "120489000", 
        "type": "buy", 
        "amount": "0.00184987"
    }, 
    {
        "date": "1579368493", 
        "tid": "14387719", 
        "price": "120480000", 
        "type": "sell", 
        "amount": "0.00149900"
    }, 
    {
        "date": "1579368468", 
        "tid": "14387718", 
        "price": "120489000", 
        "type": "buy", 
        "amount": "0.00760301"
    }
]