[
    {
        "date": "1579290463", 
        "tid": "14384222", 
        "price": "120000000", 
        "type": "sell", 
        "amount": "0.06888930"
    }, 
    {
        "date": "1579290462", 
        "tid": "14384221", 
        "price": "120000000", 
        "type": "sell", 
        "amount": "0.36025510"
    }, 
    {
        "date": "1579290462", 
        "tid": "14384220", 
        "price": "120001000", 
        "type": "sell", 
        "amount": "0.00963041"
    }, 
    {
        "date": "1579290462", 
        "tid": "14384219", 
        "price": "120032000", 
        "type": "sell", 
        "amount": "0.00839809"
    }, 
    {
        "date": "1579290462", 
        "tid": "14384218", 
        "price": "120089000", 
        "type": "sell", 
        "amount": "0.16171090"
    }, 
    {
        "date": "1579290462", 
        "tid": "14384217", 
        "price": "120091000", 
        "type": "sell", 
        "amount": "0.00000550"
    }, 
    {
        "date": "1579290450", 
        "tid": "14384216", 
        "price": "120091000", 
        "type": "sell", 
        "amount": "0.02720000"
    }, 
    {
        "date": "1579290435", 
        "tid": "14384215", 
        "price": "120091000", 
        "type": "sell", 
        "amount": "0.07308312"
    }, 
    {
        "date": "1579290435", 
        "tid": "14384214", 
        "price": "120092000", 
        "type": "sell", 
        "amount": "0.00699106"
    }, 
    {
        "date": "1579290435", 
        "tid": "14384213", 
        "price": "120094000", 
        "type": "sell", 
        "amount": "0.00074470"
    }, 
    {
        "date": "1579290435", 
        "tid": "14384212", 
        "price": "120095000", 
        "type": "sell", 
        "amount": "0.00424140"
    }, 
    {
        "date": "1579290435", 
        "tid": "14384211", 
        "price": "120098000", 
        "type": "sell", 
        "amount": "0.00095937"
    }, 
    {
        "date": "1579290435", 
        "tid": "14384210", 
        "price": "120125000", 
        "type": "sell", 
        "amount": "0.01664932"
    }, 
    {
        "date": "1579290435", 
        "tid": "14384209", 
        "price": "120166000", 
        "type": "sell", 
        "amount": "0.00112199"
    }, 
    {
        "date": "1579290435", 
        "tid": "14384208", 
        "price": "120204000", 
        "type": "sell", 
        "amount": "0.00244471"
    }, 
    {
        "date": "1579290435", 
        "tid": "14384207", 
        "price": "120220000", 
        "type": "sell", 
        "amount": "0.00002088"
    }, 
    {
        "date": "1579290435", 
        "tid": "14384206", 
        "price": "120225000", 
        "type": "sell", 
        "amount": "0.01279841"
    }, 
    {
        "date": "1579290435", 
        "tid": "14384205", 
        "price": "120250000", 
        "type": "sell", 
        "amount": "0.00050471"
    }, 
    {
        "date": "1579290435", 
        "tid": "14384204", 
        "price": "120267000", 
        "type": "sell", 
        "amount": "0.00044033"
    }, 
    {
        "date": "1579290427", 
        "tid": "14384203", 
        "price": "120330000", 
        "type": "sell", 
        "amount": "0.00074469"
    }, 
    {
        "date": "1579290415", 
        "tid": "14384202", 
        "price": "120331000", 
        "type": "buy", 
        "amount": "0.04142777"
    }, 
    {
        "date": "1579290303", 
        "tid": "14384201", 
        "price": "120351000", 
        "type": "sell", 
        "amount": "0.00067889"
    }, 
    {
        "date": "1579290303", 
        "tid": "14384200", 
        "price": "120392000", 
        "type": "sell", 
        "amount": "0.00112200"
    }, 
    {
        "date": "1579290303", 
        "tid": "14384199", 
        "price": "120408000", 
        "type": "sell", 
        "amount": "0.00244472"
    }, 
    {
        "date": "1579290303", 
        "tid": "14384198", 
        "price": "120438000", 
        "type": "sell", 
        "amount": "0.00106848"
    }, 
    {
        "date": "1579290146", 
        "tid": "14384197", 
        "price": "120438000", 
        "type": "sell", 
        "amount": "0.00441152"
    }, 
    {
        "date": "1579290146", 
        "tid": "14384196", 
        "price": "120500000", 
        "type": "sell", 
        "amount": "0.00091964"
    }, 
    {
        "date": "1579290146", 
        "tid": "14384195", 
        "price": "120524000", 
        "type": "sell", 
        "amount": "0.00873211"
    }, 
    {
        "date": "1579290074", 
        "tid": "14384194", 
        "price": "120524000", 
        "type": "sell", 
        "amount": "0.00923162"
    }, 
    {
        "date": "1579290046", 
        "tid": "14384193", 
        "price": "120618000", 
        "type": "buy", 
        "amount": "0.00055574"
    }, 
    {
        "date": "1579290044", 
        "tid": "14384192", 
        "price": "120524000", 
        "type": "sell", 
        "amount": "0.02352178"
    }, 
    {
        "date": "1579290044", 
        "tid": "14384191", 
        "price": "120525000", 
        "type": "sell", 
        "amount": "0.00094892"
    }, 
    {
        "date": "1579290044", 
        "tid": "14384190", 
        "price": "120565000", 
        "type": "sell", 
        "amount": "0.00074470"
    }, 
    {
        "date": "1579290044", 
        "tid": "14384189", 
        "price": "120612000", 
        "type": "sell", 
        "amount": "0.00244472"
    }, 
    {
        "date": "1579290044", 
        "tid": "14384188", 
        "price": "120617000", 
        "type": "sell", 
        "amount": "0.00112200"
    }, 
    {
        "date": "1579290018", 
        "tid": "14384187", 
        "price": "120671000", 
        "type": "sell", 
        "amount": "0.00072358"
    }, 
    {
        "date": "1579289994", 
        "tid": "14384186", 
        "price": "120671000", 
        "type": "sell", 
        "amount": "0.00339389"
    }, 
    {
        "date": "1579289912", 
        "tid": "14384185", 
        "price": "120672000", 
        "type": "buy", 
        "amount": "0.00621921"
    }, 
    {
        "date": "1579289907", 
        "tid": "14384184", 
        "price": "120671000", 
        "type": "sell", 
        "amount": "0.00108335"
    }, 
    {
        "date": "1579289878", 
        "tid": "14384183", 
        "price": "120700000", 
        "type": "sell", 
        "amount": "0.00140951"
    }, 
    {
        "date": "1579289878", 
        "tid": "14384182", 
        "price": "120749000", 
        "type": "sell", 
        "amount": "0.00520081"
    }, 
    {
        "date": "1579289878", 
        "tid": "14384181", 
        "price": "120788000", 
        "type": "sell", 
        "amount": "0.02091940"
    }, 
    {
        "date": "1579289846", 
        "tid": "14384180", 
        "price": "120790000", 
        "type": "sell", 
        "amount": "0.04967298"
    }, 
    {
        "date": "1579289832", 
        "tid": "14384179", 
        "price": "120791000", 
        "type": "buy", 
        "amount": "0.00162604"
    }, 
    {
        "date": "1579289807", 
        "tid": "14384178", 
        "price": "120791000", 
        "type": "sell", 
        "amount": "0.02896482"
    }, 
    {
        "date": "1579289700", 
        "tid": "14384177", 
        "price": "120792000", 
        "type": "sell", 
        "amount": "0.00853899"
    }, 
    {
        "date": "1579289641", 
        "tid": "14384176", 
        "price": "120791000", 
        "type": "sell", 
        "amount": "0.00079295"
    }, 
    {
        "date": "1579289573", 
        "tid": "14384175", 
        "price": "120888000", 
        "type": "buy", 
        "amount": "0.00022647"
    }, 
    {
        "date": "1579289573", 
        "tid": "14384174", 
        "price": "120887000", 
        "type": "buy", 
        "amount": "0.00339389"
    }, 
    {
        "date": "1579289573", 
        "tid": "14384173", 
        "price": "120886000", 
        "type": "buy", 
        "amount": "0.00339389"
    }, 
    {
        "date": "1579289573", 
        "tid": "14384172", 
        "price": "120885000", 
        "type": "buy", 
        "amount": "0.00339389"
    }, 
    {
        "date": "1579289573", 
        "tid": "14384171", 
        "price": "120884000", 
        "type": "buy", 
        "amount": "0.00339389"
    }, 
    {
        "date": "1579289573", 
        "tid": "14384170", 
        "price": "120883000", 
        "type": "buy", 
        "amount": "0.04393177"
    }, 
    {
        "date": "1579289465", 
        "tid": "14384169", 
        "price": "120883000", 
        "type": "buy", 
        "amount": "0.00082477"
    }, 
    {
        "date": "1579289457", 
        "tid": "14384168", 
        "price": "120791000", 
        "type": "sell", 
        "amount": "0.00200000"
    }, 
    {
        "date": "1579289344", 
        "tid": "14384167", 
        "price": "120791000", 
        "type": "sell", 
        "amount": "0.00066442"
    }, 
    {
        "date": "1579289227", 
        "tid": "14384166", 
        "price": "120882000", 
        "type": "buy", 
        "amount": "0.00602328"
    }, 
    {
        "date": "1579289082", 
        "tid": "14384165", 
        "price": "120791000", 
        "type": "sell", 
        "amount": "0.01372839"
    }, 
    {
        "date": "1579289071", 
        "tid": "14384164", 
        "price": "120791000", 
        "type": "sell", 
        "amount": "0.00840797"
    }, 
    {
        "date": "1579289031", 
        "tid": "14384163", 
        "price": "120791000", 
        "type": "sell", 
        "amount": "0.01028088"
    }, 
    {
        "date": "1579289015", 
        "tid": "14384162", 
        "price": "120790000", 
        "type": "sell", 
        "amount": "0.02570222"
    }, 
    {
        "date": "1579288998", 
        "tid": "14384161", 
        "price": "120790000", 
        "type": "sell", 
        "amount": "0.08311301"
    }, 
    {
        "date": "1579288826", 
        "tid": "14384160", 
        "price": "120800000", 
        "type": "sell", 
        "amount": "0.00811563"
    }, 
    {
        "date": "1579288826", 
        "tid": "14384159", 
        "price": "120829000", 
        "type": "sell", 
        "amount": "0.00169694"
    }, 
    {
        "date": "1579288826", 
        "tid": "14384158", 
        "price": "120830000", 
        "type": "sell", 
        "amount": "0.00429752"
    }, 
    {
        "date": "1579288826", 
        "tid": "14384157", 
        "price": "120831000", 
        "type": "sell", 
        "amount": "0.00300824"
    }, 
    {
        "date": "1579288826", 
        "tid": "14384156", 
        "price": "120832000", 
        "type": "sell", 
        "amount": "0.00171898"
    }, 
    {
        "date": "1579288826", 
        "tid": "14384155", 
        "price": "120850000", 
        "type": "sell", 
        "amount": "0.00180797"
    }, 
    {
        "date": "1579288801", 
        "tid": "14384154", 
        "price": "120800000", 
        "type": "sell", 
        "amount": "0.00939297"
    }, 
    {
        "date": "1579288763", 
        "tid": "14384153", 
        "price": "120800000", 
        "type": "sell", 
        "amount": "0.10000000"
    }, 
    {
        "date": "1579288746", 
        "tid": "14384152", 
        "price": "120899000", 
        "type": "buy", 
        "amount": "0.00868070"
    }, 
    {
        "date": "1579288746", 
        "tid": "14384151", 
        "price": "120868000", 
        "type": "buy", 
        "amount": "0.00617635"
    }, 
    {
        "date": "1579288701", 
        "tid": "14384150", 
        "price": "120868000", 
        "type": "buy", 
        "amount": "0.00948925"
    }, 
    {
        "date": "1579288701", 
        "tid": "14384149", 
        "price": "120851000", 
        "type": "buy", 
        "amount": "0.04044481"
    }, 
    {
        "date": "1579288701", 
        "tid": "14384148", 
        "price": "120843000", 
        "type": "buy", 
        "amount": "0.00112200"
    }, 
    {
        "date": "1579288701", 
        "tid": "14384147", 
        "price": "120827000", 
        "type": "buy", 
        "amount": "0.00520079"
    }, 
    {
        "date": "1579288701", 
        "tid": "14384146", 
        "price": "120816000", 
        "type": "buy", 
        "amount": "0.00244472"
    }, 
    {
        "date": "1579288701", 
        "tid": "14384145", 
        "price": "120801000", 
        "type": "buy", 
        "amount": "0.00074470"
    }, 
    {
        "date": "1579288647", 
        "tid": "14384144", 
        "price": "120794000", 
        "type": "buy", 
        "amount": "0.03393890"
    }, 
    {
        "date": "1579288641", 
        "tid": "14384143", 
        "price": "120791000", 
        "type": "sell", 
        "amount": "0.00050000"
    }, 
    {
        "date": "1579288618", 
        "tid": "14384142", 
        "price": "120794000", 
        "type": "buy", 
        "amount": "0.00367142"
    }, 
    {
        "date": "1579288618", 
        "tid": "14384141", 
        "price": "120789000", 
        "type": "buy", 
        "amount": "0.01640840"
    }, 
    {
        "date": "1579288577", 
        "tid": "14384140", 
        "price": "120788000", 
        "type": "sell", 
        "amount": "0.04142913"
    }, 
    {
        "date": "1579288546", 
        "tid": "14384139", 
        "price": "120688000", 
        "type": "sell", 
        "amount": "0.01728335"
    }, 
    {
        "date": "1579288517", 
        "tid": "14384138", 
        "price": "120789000", 
        "type": "buy", 
        "amount": "0.00308885"
    }, 
    {
        "date": "1579288517", 
        "tid": "14384137", 
        "price": "120769000", 
        "type": "buy", 
        "amount": "0.02703062"
    }, 
    {
        "date": "1579288504", 
        "tid": "14384136", 
        "price": "120769000", 
        "type": "buy", 
        "amount": "0.03956938"
    }, 
    {
        "date": "1579288504", 
        "tid": "14384135", 
        "price": "120750000", 
        "type": "buy", 
        "amount": "0.00050472"
    }, 
    {
        "date": "1579288504", 
        "tid": "14384134", 
        "price": "120749000", 
        "type": "buy", 
        "amount": "0.00520079"
    }, 
    {
        "date": "1579288504", 
        "tid": "14384133", 
        "price": "120700000", 
        "type": "buy", 
        "amount": "0.00400000"
    }, 
    {
        "date": "1579288504", 
        "tid": "14384132", 
        "price": "120693000", 
        "type": "buy", 
        "amount": "0.01093743"
    }, 
    {
        "date": "1579288487", 
        "tid": "14384131", 
        "price": "120693000", 
        "type": "buy", 
        "amount": "0.03049033"
    }, 
    {
        "date": "1579288487", 
        "tid": "14384130", 
        "price": "120692000", 
        "type": "buy", 
        "amount": "0.02974953"
    }, 
    {
        "date": "1579288477", 
        "tid": "14384129", 
        "price": "120692000", 
        "type": "buy", 
        "amount": "0.05020009"
    }, 
    {
        "date": "1579288469", 
        "tid": "14384128", 
        "price": "120692000", 
        "type": "buy", 
        "amount": "0.08784440"
    }, 
    {
        "date": "1579288469", 
        "tid": "14384127", 
        "price": "120685000", 
        "type": "buy", 
        "amount": "0.00251070"
    }, 
    {
        "date": "1579288380", 
        "tid": "14384126", 
        "price": "120692000", 
        "type": "buy", 
        "amount": "0.07028013"
    }, 
    {
        "date": "1579288372", 
        "tid": "14384125", 
        "price": "120637000", 
        "type": "sell", 
        "amount": "0.13979778"
    }, 
    {
        "date": "1579288372", 
        "tid": "14384124", 
        "price": "120692000", 
        "type": "buy", 
        "amount": "0.09036017"
    }, 
    {
        "date": "1579288365", 
        "tid": "14384123", 
        "price": "120692000", 
        "type": "buy", 
        "amount": "0.02478232"
    }, 
    {
        "date": "1579288364", 
        "tid": "14384122", 
        "price": "120636000", 
        "type": "sell", 
        "amount": "0.05933140"
    }, 
    {
        "date": "1579288364", 
        "tid": "14384121", 
        "price": "120671000", 
        "type": "sell", 
        "amount": "0.00520081"
    }, 
    {
        "date": "1579288317", 
        "tid": "14384120", 
        "price": "120692000", 
        "type": "buy", 
        "amount": "0.00520328"
    }, 
    {
        "date": "1579288316", 
        "tid": "14384119", 
        "price": "120692000", 
        "type": "buy", 
        "amount": "0.00520663"
    }, 
    {
        "date": "1579288315", 
        "tid": "14384118", 
        "price": "120692000", 
        "type": "buy", 
        "amount": "0.00520998"
    }, 
    {
        "date": "1579288315", 
        "tid": "14384117", 
        "price": "120692000", 
        "type": "buy", 
        "amount": "0.00521334"
    }, 
    {
        "date": "1579288314", 
        "tid": "14384116", 
        "price": "120692000", 
        "type": "buy", 
        "amount": "0.00521670"
    }, 
    {
        "date": "1579288313", 
        "tid": "14384115", 
        "price": "120692000", 
        "type": "buy", 
        "amount": "0.00522004"
    }, 
    {
        "date": "1579288313", 
        "tid": "14384114", 
        "price": "120692000", 
        "type": "buy", 
        "amount": "0.00255628"
    }, 
    {
        "date": "1579288313", 
        "tid": "14384113", 
        "price": "120691000", 
        "type": "buy", 
        "amount": "0.00042653"
    }, 
    {
        "date": "1579288313", 
        "tid": "14384112", 
        "price": "120690000", 
        "type": "buy", 
        "amount": "0.00042750"
    }, 
    {
        "date": "1579288299", 
        "tid": "14384111", 
        "price": "120541000", 
        "type": "sell", 
        "amount": "0.00075994"
    }, 
    {
        "date": "1579288174", 
        "tid": "14384110", 
        "price": "120525000", 
        "type": "sell", 
        "amount": "0.00042653"
    }, 
    {
        "date": "1579288137", 
        "tid": "14384109", 
        "price": "120692000", 
        "type": "buy", 
        "amount": "0.02822455"
    }, 
    {
        "date": "1579288137", 
        "tid": "14384108", 
        "price": "120691000", 
        "type": "buy", 
        "amount": "0.01307942"
    }, 
    {
        "date": "1579288116", 
        "tid": "14384107", 
        "price": "120524000", 
        "type": "sell", 
        "amount": "0.00042750"
    }, 
    {
        "date": "1579288018", 
        "tid": "14384106", 
        "price": "120692000", 
        "type": "buy", 
        "amount": "0.00706392"
    }, 
    {
        "date": "1579288018", 
        "tid": "14384105", 
        "price": "120601000", 
        "type": "buy", 
        "amount": "0.00119776"
    }, 
    {
        "date": "1579287941", 
        "tid": "14384104", 
        "price": "120430000", 
        "type": "sell", 
        "amount": "0.01214933"
    }, 
    {
        "date": "1579287941", 
        "tid": "14384103", 
        "price": "120500000", 
        "type": "sell", 
        "amount": "0.00912862"
    }, 
    {
        "date": "1579287941", 
        "tid": "14384102", 
        "price": "120501000", 
        "type": "sell", 
        "amount": "0.02066418"
    }, 
    {
        "date": "1579287941", 
        "tid": "14384101", 
        "price": "120600000", 
        "type": "sell", 
        "amount": "0.04119215"
    }, 
    {
        "date": "1579287883", 
        "tid": "14384100", 
        "price": "120602000", 
        "type": "sell", 
        "amount": "0.00093009"
    }, 
    {
        "date": "1579287815", 
        "tid": "14384099", 
        "price": "120692000", 
        "type": "buy", 
        "amount": "0.00646942"
    }, 
    {
        "date": "1579287815", 
        "tid": "14384098", 
        "price": "120670000", 
        "type": "buy", 
        "amount": "0.00067890"
    }, 
    {
        "date": "1579287815", 
        "tid": "14384097", 
        "price": "120632000", 
        "type": "buy", 
        "amount": "0.00044034"
    }, 
    {
        "date": "1579287815", 
        "tid": "14384096", 
        "price": "120617000", 
        "type": "buy", 
        "amount": "0.00112200"
    }, 
    {
        "date": "1579287815", 
        "tid": "14384095", 
        "price": "120612000", 
        "type": "buy", 
        "amount": "0.00244472"
    }, 
    {
        "date": "1579287815", 
        "tid": "14384094", 
        "price": "120601000", 
        "type": "buy", 
        "amount": "0.00347152"
    }, 
    {
        "date": "1579287657", 
        "tid": "14384093", 
        "price": "120600000", 
        "type": "sell", 
        "amount": "0.00081519"
    }, 
    {
        "date": "1579287233", 
        "tid": "14384092", 
        "price": "120600000", 
        "type": "sell", 
        "amount": "0.00064406"
    }, 
    {
        "date": "1579287228", 
        "tid": "14384091", 
        "price": "120601000", 
        "type": "buy", 
        "amount": "0.00081519"
    }, 
    {
        "date": "1579287228", 
        "tid": "14384090", 
        "price": "120601000", 
        "type": "buy", 
        "amount": "0.00042162"
    }, 
    {
        "date": "1579287121", 
        "tid": "14384089", 
        "price": "120600000", 
        "type": "sell", 
        "amount": "0.00416421"
    }, 
    {
        "date": "1579287100", 
        "tid": "14384088", 
        "price": "120600000", 
        "type": "sell", 
        "amount": "0.01041053"
    }, 
    {
        "date": "1579287076", 
        "tid": "14384087", 
        "price": "120600000", 
        "type": "sell", 
        "amount": "0.01041053"
    }, 
    {
        "date": "1579287008", 
        "tid": "14384086", 
        "price": "120519000", 
        "type": "sell", 
        "amount": "0.01666244"
    }, 
    {
        "date": "1579286998", 
        "tid": "14384085", 
        "price": "120586000", 
        "type": "buy", 
        "amount": "0.15333656"
    }, 
    {
        "date": "1579286998", 
        "tid": "14384084", 
        "price": "120565000", 
        "type": "buy", 
        "amount": "0.00074470"
    }, 
    {
        "date": "1579286998", 
        "tid": "14384083", 
        "price": "120520000", 
        "type": "buy", 
        "amount": "0.00647439"
    }, 
    {
        "date": "1579286979", 
        "tid": "14384082", 
        "price": "120520000", 
        "type": "buy", 
        "amount": "0.00042190"
    }, 
    {
        "date": "1579286961", 
        "tid": "14384081", 
        "price": "120520000", 
        "type": "buy", 
        "amount": "0.00165451"
    }, 
    {
        "date": "1579286950", 
        "tid": "14384080", 
        "price": "120520000", 
        "type": "buy", 
        "amount": "0.00074453"
    }, 
    {
        "date": "1579286945", 
        "tid": "14384079", 
        "price": "120520000", 
        "type": "buy", 
        "amount": "0.00388810"
    }, 
    {
        "date": "1579286864", 
        "tid": "14384078", 
        "price": "120519000", 
        "type": "sell", 
        "amount": "0.04149377"
    }, 
    {
        "date": "1579286822", 
        "tid": "14384077", 
        "price": "120500000", 
        "type": "buy", 
        "amount": "0.04675167"
    }, 
    {
        "date": "1579286810", 
        "tid": "14384076", 
        "price": "120500000", 
        "type": "buy", 
        "amount": "0.05020000"
    }, 
    {
        "date": "1579286797", 
        "tid": "14384075", 
        "price": "120500000", 
        "type": "buy", 
        "amount": "0.08032000"
    }, 
    {
        "date": "1579286786", 
        "tid": "14384074", 
        "price": "120500000", 
        "type": "buy", 
        "amount": "0.00080080"
    }, 
    {
        "date": "1579286782", 
        "tid": "14384073", 
        "price": "120500000", 
        "type": "buy", 
        "amount": "0.13052000"
    }
]