[
    {
        "date": "1579397553", 
        "tid": "14389015", 
        "price": "123000000", 
        "type": "buy", 
        "amount": "0.98394865"
    }, 
    {
        "date": "1579397553", 
        "tid": "14389014", 
        "price": "122999000", 
        "type": "buy", 
        "amount": "0.00364035"
    }, 
    {
        "date": "1579397553", 
        "tid": "14389013", 
        "price": "122990000", 
        "type": "buy", 
        "amount": "0.02354162"
    }, 
    {
        "date": "1579397553", 
        "tid": "14389012", 
        "price": "122976000", 
        "type": "buy", 
        "amount": "0.00415642"
    }, 
    {
        "date": "1579397553", 
        "tid": "14389011", 
        "price": "122974000", 
        "type": "buy", 
        "amount": "0.00609091"
    }, 
    {
        "date": "1579397553", 
        "tid": "14389010", 
        "price": "122972000", 
        "type": "buy", 
        "amount": "0.05062485"
    }, 
    {
        "date": "1579397553", 
        "tid": "14389009", 
        "price": "122971000", 
        "type": "buy", 
        "amount": "0.01000000"
    }, 
    {
        "date": "1579397553", 
        "tid": "14389008", 
        "price": "122967000", 
        "type": "buy", 
        "amount": "0.17782223"
    }, 
    {
        "date": "1579397552", 
        "tid": "14389007", 
        "price": "122967000", 
        "type": "buy", 
        "amount": "0.03839972"
    }, 
    {
        "date": "1579397546", 
        "tid": "14389006", 
        "price": "122967000", 
        "type": "buy", 
        "amount": "0.08030317"
    }, 
    {
        "date": "1579397546", 
        "tid": "14389005", 
        "price": "122965000", 
        "type": "buy", 
        "amount": "0.15061579"
    }, 
    {
        "date": "1579397544", 
        "tid": "14389004", 
        "price": "122965000", 
        "type": "buy", 
        "amount": "0.04490075"
    }, 
    {
        "date": "1579397540", 
        "tid": "14389003", 
        "price": "122965000", 
        "type": "buy", 
        "amount": "0.33132037"
    }, 
    {
        "date": "1579397538", 
        "tid": "14389002", 
        "price": "122964000", 
        "type": "sell", 
        "amount": "0.00736776"
    }, 
    {
        "date": "1579397532", 
        "tid": "14389001", 
        "price": "122965000", 
        "type": "buy", 
        "amount": "0.00957010"
    }, 
    {
        "date": "1579397506", 
        "tid": "14389000", 
        "price": "122964000", 
        "type": "sell", 
        "amount": "0.29206417"
    }, 
    {
        "date": "1579397493", 
        "tid": "14388999", 
        "price": "122965000", 
        "type": "buy", 
        "amount": "0.00872458"
    }, 
    {
        "date": "1579397468", 
        "tid": "14388998", 
        "price": "122890000", 
        "type": "sell", 
        "amount": "0.02353348"
    }, 
    {
        "date": "1579397468", 
        "tid": "14388997", 
        "price": "122965000", 
        "type": "buy", 
        "amount": "0.04080555"
    }, 
    {
        "date": "1579397461", 
        "tid": "14388996", 
        "price": "122890000", 
        "type": "sell", 
        "amount": "0.01590887"
    }, 
    {
        "date": "1579397446", 
        "tid": "14388995", 
        "price": "122965000", 
        "type": "buy", 
        "amount": "0.00081080"
    }, 
    {
        "date": "1579397446", 
        "tid": "14388994", 
        "price": "122965000", 
        "type": "buy", 
        "amount": "0.00041351"
    }, 
    {
        "date": "1579397445", 
        "tid": "14388993", 
        "price": "122890000", 
        "type": "sell", 
        "amount": "0.02800000"
    }, 
    {
        "date": "1579397443", 
        "tid": "14388992", 
        "price": "122965000", 
        "type": "buy", 
        "amount": "0.00055118"
    }, 
    {
        "date": "1579397443", 
        "tid": "14388991", 
        "price": "122964000", 
        "type": "buy", 
        "amount": "0.00864106"
    }, 
    {
        "date": "1579397443", 
        "tid": "14388990", 
        "price": "122958000", 
        "type": "buy", 
        "amount": "0.00100735"
    }, 
    {
        "date": "1579397422", 
        "tid": "14388989", 
        "price": "122957000", 
        "type": "buy", 
        "amount": "0.00199402"
    }, 
    {
        "date": "1579397420", 
        "tid": "14388988", 
        "price": "122957000", 
        "type": "buy", 
        "amount": "0.02592224"
    }, 
    {
        "date": "1579397393", 
        "tid": "14388987", 
        "price": "122957000", 
        "type": "buy", 
        "amount": "0.00119196"
    }, 
    {
        "date": "1579397383", 
        "tid": "14388986", 
        "price": "122957000", 
        "type": "sell", 
        "amount": "0.00182202"
    }, 
    {
        "date": "1579397370", 
        "tid": "14388985", 
        "price": "122875000", 
        "type": "sell", 
        "amount": "0.01285318"
    }, 
    {
        "date": "1579397312", 
        "tid": "14388984", 
        "price": "122958000", 
        "type": "buy", 
        "amount": "0.08275175"
    }, 
    {
        "date": "1579397279", 
        "tid": "14388983", 
        "price": "122958000", 
        "type": "buy", 
        "amount": "0.00063980"
    }, 
    {
        "date": "1579397279", 
        "tid": "14388982", 
        "price": "122957000", 
        "type": "buy", 
        "amount": "0.00077960"
    }, 
    {
        "date": "1579397279", 
        "tid": "14388981", 
        "price": "122936000", 
        "type": "buy", 
        "amount": "0.00531027"
    }, 
    {
        "date": "1579397279", 
        "tid": "14388980", 
        "price": "122900000", 
        "type": "buy", 
        "amount": "0.00054737"
    }, 
    {
        "date": "1579397262", 
        "tid": "14388979", 
        "price": "122874000", 
        "type": "buy", 
        "amount": "0.01038174"
    }, 
    {
        "date": "1579397257", 
        "tid": "14388978", 
        "price": "122874000", 
        "type": "buy", 
        "amount": "0.00601185"
    }, 
    {
        "date": "1579397252", 
        "tid": "14388977", 
        "price": "122873000", 
        "type": "sell", 
        "amount": "0.00250074"
    }, 
    {
        "date": "1579397128", 
        "tid": "14388976", 
        "price": "122873000", 
        "type": "sell", 
        "amount": "0.00415948"
    }, 
    {
        "date": "1579397124", 
        "tid": "14388975", 
        "price": "122900000", 
        "type": "buy", 
        "amount": "0.00727925"
    }, 
    {
        "date": "1579397115", 
        "tid": "14388974", 
        "price": "122873000", 
        "type": "sell", 
        "amount": "0.00284772"
    }, 
    {
        "date": "1579397077", 
        "tid": "14388973", 
        "price": "122873000", 
        "type": "sell", 
        "amount": "0.00229760"
    }, 
    {
        "date": "1579397064", 
        "tid": "14388972", 
        "price": "122873000", 
        "type": "sell", 
        "amount": "0.00077960"
    }, 
    {
        "date": "1579397047", 
        "tid": "14388971", 
        "price": "122874000", 
        "type": "sell", 
        "amount": "0.00235389"
    }, 
    {
        "date": "1579397046", 
        "tid": "14388970", 
        "price": "122874000", 
        "type": "buy", 
        "amount": "0.00576724"
    }, 
    {
        "date": "1579397044", 
        "tid": "14388969", 
        "price": "122874000", 
        "type": "buy", 
        "amount": "0.00182288"
    }, 
    {
        "date": "1579397042", 
        "tid": "14388968", 
        "price": "122755000", 
        "type": "sell", 
        "amount": "0.00009060"
    }, 
    {
        "date": "1579397042", 
        "tid": "14388967", 
        "price": "122787000", 
        "type": "sell", 
        "amount": "0.00077959"
    }, 
    {
        "date": "1579397042", 
        "tid": "14388966", 
        "price": "122872000", 
        "type": "sell", 
        "amount": "0.00077959"
    }, 
    {
        "date": "1579397042", 
        "tid": "14388965", 
        "price": "122873000", 
        "type": "sell", 
        "amount": "0.00068610"
    }, 
    {
        "date": "1579397027", 
        "tid": "14388964", 
        "price": "122874000", 
        "type": "buy", 
        "amount": "0.00240988"
    }, 
    {
        "date": "1579396990", 
        "tid": "14388963", 
        "price": "122873000", 
        "type": "sell", 
        "amount": "0.00062419"
    }, 
    {
        "date": "1579396970", 
        "tid": "14388962", 
        "price": "122936000", 
        "type": "buy", 
        "amount": "0.00430040"
    }, 
    {
        "date": "1579396970", 
        "tid": "14388961", 
        "price": "122900000", 
        "type": "buy", 
        "amount": "0.00041957"
    }, 
    {
        "date": "1579396970", 
        "tid": "14388960", 
        "price": "122875000", 
        "type": "buy", 
        "amount": "0.00462947"
    }, 
    {
        "date": "1579396960", 
        "tid": "14388959", 
        "price": "122875000", 
        "type": "buy", 
        "amount": "0.00654616"
    }, 
    {
        "date": "1579396948", 
        "tid": "14388958", 
        "price": "122875000", 
        "type": "buy", 
        "amount": "0.00728071"
    }, 
    {
        "date": "1579396942", 
        "tid": "14388957", 
        "price": "122875000", 
        "type": "buy", 
        "amount": "0.01394151"
    }, 
    {
        "date": "1579396933", 
        "tid": "14388956", 
        "price": "122875000", 
        "type": "buy", 
        "amount": "0.00543626"
    }, 
    {
        "date": "1579396923", 
        "tid": "14388955", 
        "price": "122874000", 
        "type": "sell", 
        "amount": "0.01200000"
    }, 
    {
        "date": "1579396916", 
        "tid": "14388954", 
        "price": "122875000", 
        "type": "buy", 
        "amount": "0.00654616"
    }, 
    {
        "date": "1579396908", 
        "tid": "14388953", 
        "price": "122900000", 
        "type": "buy", 
        "amount": "0.00373991"
    }, 
    {
        "date": "1579396896", 
        "tid": "14388952", 
        "price": "122875000", 
        "type": "buy", 
        "amount": "0.01870332"
    }, 
    {
        "date": "1579396888", 
        "tid": "14388951", 
        "price": "122875000", 
        "type": "buy", 
        "amount": "0.00280550"
    }, 
    {
        "date": "1579396873", 
        "tid": "14388950", 
        "price": "122936000", 
        "type": "buy", 
        "amount": "0.00934701"
    }, 
    {
        "date": "1579396839", 
        "tid": "14388949", 
        "price": "122874000", 
        "type": "sell", 
        "amount": "0.08858350"
    }, 
    {
        "date": "1579396834", 
        "tid": "14388948", 
        "price": "122936000", 
        "type": "buy", 
        "amount": "0.13377252"
    }, 
    {
        "date": "1579396827", 
        "tid": "14388947", 
        "price": "122936000", 
        "type": "buy", 
        "amount": "0.04054992"
    }, 
    {
        "date": "1579396808", 
        "tid": "14388946", 
        "price": "122958000", 
        "type": "buy", 
        "amount": "0.02720171"
    }, 
    {
        "date": "1579396786", 
        "tid": "14388945", 
        "price": "122957000", 
        "type": "buy", 
        "amount": "0.00766040"
    }, 
    {
        "date": "1579396767", 
        "tid": "14388944", 
        "price": "122873000", 
        "type": "sell", 
        "amount": "0.03773691"
    }, 
    {
        "date": "1579396767", 
        "tid": "14388943", 
        "price": "122925000", 
        "type": "sell", 
        "amount": "0.00406752"
    }, 
    {
        "date": "1579396767", 
        "tid": "14388942", 
        "price": "122932000", 
        "type": "sell", 
        "amount": "0.17168258"
    }, 
    {
        "date": "1579396757", 
        "tid": "14388941", 
        "price": "122932000", 
        "type": "sell", 
        "amount": "0.00361741"
    }, 
    {
        "date": "1579396728", 
        "tid": "14388940", 
        "price": "122886000", 
        "type": "sell", 
        "amount": "0.02859714"
    }, 
    {
        "date": "1579396728", 
        "tid": "14388939", 
        "price": "122958000", 
        "type": "sell", 
        "amount": "0.17934681"
    }, 
    {
        "date": "1579396710", 
        "tid": "14388938", 
        "price": "122958000", 
        "type": "sell", 
        "amount": "0.01190556"
    }, 
    {
        "date": "1579396684", 
        "tid": "14388937", 
        "price": "122965000", 
        "type": "buy", 
        "amount": "0.02203835"
    }, 
    {
        "date": "1579396684", 
        "tid": "14388936", 
        "price": "122964000", 
        "type": "buy", 
        "amount": "0.01934879"
    }, 
    {
        "date": "1579396673", 
        "tid": "14388935", 
        "price": "122964000", 
        "type": "buy", 
        "amount": "0.00606250"
    }, 
    {
        "date": "1579396673", 
        "tid": "14388934", 
        "price": "122959000", 
        "type": "buy", 
        "amount": "0.00246508"
    }, 
    {
        "date": "1579396669", 
        "tid": "14388933", 
        "price": "122958000", 
        "type": "buy", 
        "amount": "0.00356845"
    }, 
    {
        "date": "1579396669", 
        "tid": "14388932", 
        "price": "122957000", 
        "type": "buy", 
        "amount": "0.00077960"
    }, 
    {
        "date": "1579396669", 
        "tid": "14388931", 
        "price": "122950000", 
        "type": "buy", 
        "amount": "0.00369732"
    }, 
    {
        "date": "1579396669", 
        "tid": "14388930", 
        "price": "122923000", 
        "type": "buy", 
        "amount": "0.00074470"
    }, 
    {
        "date": "1579396666", 
        "tid": "14388929", 
        "price": "122911000", 
        "type": "buy", 
        "amount": "0.00542167"
    }, 
    {
        "date": "1579396666", 
        "tid": "14388928", 
        "price": "122900000", 
        "type": "buy", 
        "amount": "0.00277299"
    }, 
    {
        "date": "1579396663", 
        "tid": "14388927", 
        "price": "122877000", 
        "type": "sell", 
        "amount": "0.07910781"
    }, 
    {
        "date": "1579396663", 
        "tid": "14388926", 
        "price": "122910000", 
        "type": "sell", 
        "amount": "0.05854644"
    }, 
    {
        "date": "1579396649", 
        "tid": "14388925", 
        "price": "122911000", 
        "type": "buy", 
        "amount": "0.08111633"
    }, 
    {
        "date": "1579396625", 
        "tid": "14388924", 
        "price": "122910000", 
        "type": "sell", 
        "amount": "0.01660839"
    }, 
    {
        "date": "1579396617", 
        "tid": "14388923", 
        "price": "122910000", 
        "type": "sell", 
        "amount": "0.00077960"
    }, 
    {
        "date": "1579396616", 
        "tid": "14388922", 
        "price": "122910000", 
        "type": "sell", 
        "amount": "0.00077960"
    }, 
    {
        "date": "1579396616", 
        "tid": "14388921", 
        "price": "122910000", 
        "type": "sell", 
        "amount": "0.00077960"
    }, 
    {
        "date": "1579396615", 
        "tid": "14388920", 
        "price": "122903000", 
        "type": "buy", 
        "amount": "0.00067890"
    }, 
    {
        "date": "1579396615", 
        "tid": "14388919", 
        "price": "122854000", 
        "type": "buy", 
        "amount": "0.00256592"
    }, 
    {
        "date": "1579396615", 
        "tid": "14388918", 
        "price": "122822000", 
        "type": "buy", 
        "amount": "0.00579336"
    }, 
    {
        "date": "1579396615", 
        "tid": "14388917", 
        "price": "122821000", 
        "type": "buy", 
        "amount": "0.00401395"
    }, 
    {
        "date": "1579396615", 
        "tid": "14388916", 
        "price": "122820000", 
        "type": "buy", 
        "amount": "0.00338020"
    }, 
    {
        "date": "1579396615", 
        "tid": "14388915", 
        "price": "122819000", 
        "type": "buy", 
        "amount": "0.00274643"
    }, 
    {
        "date": "1579396615", 
        "tid": "14388914", 
        "price": "122818000", 
        "type": "buy", 
        "amount": "0.00211266"
    }, 
    {
        "date": "1579396615", 
        "tid": "14388913", 
        "price": "122817000", 
        "type": "buy", 
        "amount": "0.00147887"
    }, 
    {
        "date": "1579396615", 
        "tid": "14388912", 
        "price": "122816000", 
        "type": "buy", 
        "amount": "0.00084508"
    }, 
    {
        "date": "1579396605", 
        "tid": "14388911", 
        "price": "122554000", 
        "type": "sell", 
        "amount": "0.25504546"
    }, 
    {
        "date": "1579396598", 
        "tid": "14388910", 
        "price": "122553000", 
        "type": "sell", 
        "amount": "0.01246587"
    }, 
    {
        "date": "1579396593", 
        "tid": "14388909", 
        "price": "122552000", 
        "type": "sell", 
        "amount": "0.01940324"
    }, 
    {
        "date": "1579396593", 
        "tid": "14388908", 
        "price": "122584000", 
        "type": "sell", 
        "amount": "0.00067889"
    }, 
    {
        "date": "1579396593", 
        "tid": "14388907", 
        "price": "122606000", 
        "type": "sell", 
        "amount": "0.00827525"
    }, 
    {
        "date": "1579396593", 
        "tid": "14388906", 
        "price": "122617000", 
        "type": "sell", 
        "amount": "0.00077959"
    }, 
    {
        "date": "1579396593", 
        "tid": "14388905", 
        "price": "122687000", 
        "type": "sell", 
        "amount": "0.00074469"
    }, 
    {
        "date": "1579396593", 
        "tid": "14388904", 
        "price": "122702000", 
        "type": "sell", 
        "amount": "0.00077959"
    }, 
    {
        "date": "1579396593", 
        "tid": "14388903", 
        "price": "122752000", 
        "type": "sell", 
        "amount": "0.00540619"
    }, 
    {
        "date": "1579396593", 
        "tid": "14388902", 
        "price": "122753000", 
        "type": "sell", 
        "amount": "0.00415857"
    }, 
    {
        "date": "1579396593", 
        "tid": "14388901", 
        "price": "122754000", 
        "type": "sell", 
        "amount": "0.00291097"
    }, 
    {
        "date": "1579396593", 
        "tid": "14388900", 
        "price": "122755000", 
        "type": "sell", 
        "amount": "0.00166340"
    }, 
    {
        "date": "1579396593", 
        "tid": "14388899", 
        "price": "122787000", 
        "type": "sell", 
        "amount": "0.00077959"
    }, 
    {
        "date": "1579396584", 
        "tid": "14388898", 
        "price": "122872000", 
        "type": "sell", 
        "amount": "0.00077959"
    }, 
    {
        "date": "1579396584", 
        "tid": "14388897", 
        "price": "122900000", 
        "type": "sell", 
        "amount": "0.05138027"
    }, 
    {
        "date": "1579396584", 
        "tid": "14388896", 
        "price": "122909000", 
        "type": "sell", 
        "amount": "0.24109273"
    }, 
    {
        "date": "1579396583", 
        "tid": "14388895", 
        "price": "122910000", 
        "type": "buy", 
        "amount": "0.00073005"
    }, 
    {
        "date": "1579396575", 
        "tid": "14388894", 
        "price": "122957000", 
        "type": "buy", 
        "amount": "0.04054299"
    }, 
    {
        "date": "1579396574", 
        "tid": "14388893", 
        "price": "122957000", 
        "type": "buy", 
        "amount": "0.03970098"
    }, 
    {
        "date": "1579396574", 
        "tid": "14388892", 
        "price": "122957000", 
        "type": "sell", 
        "amount": "0.25771938"
    }, 
    {
        "date": "1579396571", 
        "tid": "14388891", 
        "price": "122957000", 
        "type": "sell", 
        "amount": "0.01255672"
    }, 
    {
        "date": "1579396565", 
        "tid": "14388890", 
        "price": "122957000", 
        "type": "sell", 
        "amount": "0.02043714"
    }, 
    {
        "date": "1579396548", 
        "tid": "14388889", 
        "price": "122957000", 
        "type": "buy", 
        "amount": "0.00040802"
    }, 
    {
        "date": "1579396505", 
        "tid": "14388888", 
        "price": "122957000", 
        "type": "buy", 
        "amount": "0.00099701"
    }, 
    {
        "date": "1579396488", 
        "tid": "14388887", 
        "price": "122906000", 
        "type": "sell", 
        "amount": "0.33095530"
    }, 
    {
        "date": "1579396457", 
        "tid": "14388886", 
        "price": "122902000", 
        "type": "sell", 
        "amount": "0.00200000"
    }, 
    {
        "date": "1579396456", 
        "tid": "14388885", 
        "price": "122902000", 
        "type": "sell", 
        "amount": "0.13900532"
    }, 
    {
        "date": "1579396452", 
        "tid": "14388884", 
        "price": "122902000", 
        "type": "sell", 
        "amount": "0.00404483"
    }, 
    {
        "date": "1579396451", 
        "tid": "14388883", 
        "price": "122958000", 
        "type": "buy", 
        "amount": "0.00002321"
    }, 
    {
        "date": "1579396451", 
        "tid": "14388882", 
        "price": "122957000", 
        "type": "buy", 
        "amount": "0.00077960"
    }, 
    {
        "date": "1579396451", 
        "tid": "14388881", 
        "price": "122923000", 
        "type": "buy", 
        "amount": "0.00074470"
    }, 
    {
        "date": "1579396451", 
        "tid": "14388880", 
        "price": "122922000", 
        "type": "buy", 
        "amount": "0.00348239"
    }, 
    {
        "date": "1579396451", 
        "tid": "14388879", 
        "price": "122903000", 
        "type": "buy", 
        "amount": "0.00109778"
    }, 
    {
        "date": "1579396438", 
        "tid": "14388878", 
        "price": "122902000", 
        "type": "sell", 
        "amount": "0.00074300"
    }, 
    {
        "date": "1579396428", 
        "tid": "14388877", 
        "price": "122902000", 
        "type": "sell", 
        "amount": "0.02371803"
    }, 
    {
        "date": "1579396427", 
        "tid": "14388876", 
        "price": "122902000", 
        "type": "buy", 
        "amount": "0.00206466"
    }, 
    {
        "date": "1579396398", 
        "tid": "14388875", 
        "price": "122900000", 
        "type": "buy", 
        "amount": "0.22224300"
    }, 
    {
        "date": "1579396393", 
        "tid": "14388874", 
        "price": "122900000", 
        "type": "buy", 
        "amount": "0.02358467"
    }, 
    {
        "date": "1579396385", 
        "tid": "14388873", 
        "price": "122852000", 
        "type": "sell", 
        "amount": "0.00100000"
    }, 
    {
        "date": "1579396369", 
        "tid": "14388872", 
        "price": "122900000", 
        "type": "buy", 
        "amount": "0.00405618"
    }, 
    {
        "date": "1579396359", 
        "tid": "14388871", 
        "price": "122900000", 
        "type": "buy", 
        "amount": "0.00708684"
    }, 
    {
        "date": "1579396359", 
        "tid": "14388870", 
        "price": "122873000", 
        "type": "buy", 
        "amount": "0.00163788"
    }, 
    {
        "date": "1579396343", 
        "tid": "14388869", 
        "price": "122851000", 
        "type": "sell", 
        "amount": "0.03906325"
    }, 
    {
        "date": "1579396343", 
        "tid": "14388868", 
        "price": "122870000", 
        "type": "sell", 
        "amount": "0.01800860"
    }, 
    {
        "date": "1579396343", 
        "tid": "14388867", 
        "price": "122871000", 
        "type": "sell", 
        "amount": "0.02831949"
    }, 
    {
        "date": "1579396343", 
        "tid": "14388866", 
        "price": "122872000", 
        "type": "sell", 
        "amount": "0.00166181"
    }
]