[
    {
        "date": "1579313880", 
        "tid": "14385154", 
        "price": "120520000", 
        "type": "sell", 
        "amount": "0.01845000"
    }, 
    {
        "date": "1579313694", 
        "tid": "14385153", 
        "price": "120519000", 
        "type": "sell", 
        "amount": "0.02905033"
    }, 
    {
        "date": "1579313643", 
        "tid": "14385152", 
        "price": "120420000", 
        "type": "sell", 
        "amount": "0.22926398"
    }, 
    {
        "date": "1579313643", 
        "tid": "14385151", 
        "price": "120464000", 
        "type": "sell", 
        "amount": "0.11671914"
    }, 
    {
        "date": "1579313643", 
        "tid": "14385150", 
        "price": "120500000", 
        "type": "sell", 
        "amount": "0.00050471"
    }, 
    {
        "date": "1579313643", 
        "tid": "14385149", 
        "price": "120509000", 
        "type": "sell", 
        "amount": "0.16158129"
    }, 
    {
        "date": "1579313643", 
        "tid": "14385148", 
        "price": "120565000", 
        "type": "sell", 
        "amount": "0.00074470"
    }, 
    {
        "date": "1579313643", 
        "tid": "14385147", 
        "price": "120578000", 
        "type": "sell", 
        "amount": "0.04469999"
    }, 
    {
        "date": "1579313643", 
        "tid": "14385146", 
        "price": "120580000", 
        "type": "sell", 
        "amount": "0.01410306"
    }, 
    {
        "date": "1579313643", 
        "tid": "14385145", 
        "price": "120581000", 
        "type": "sell", 
        "amount": "0.00924723"
    }, 
    {
        "date": "1579313643", 
        "tid": "14385144", 
        "price": "120582000", 
        "type": "sell", 
        "amount": "0.05183844"
    }, 
    {
        "date": "1579313643", 
        "tid": "14385143", 
        "price": "120600000", 
        "type": "sell", 
        "amount": "0.00414593"
    }, 
    {
        "date": "1579313643", 
        "tid": "14385142", 
        "price": "120612000", 
        "type": "sell", 
        "amount": "0.00244472"
    }, 
    {
        "date": "1579313643", 
        "tid": "14385141", 
        "price": "120617000", 
        "type": "sell", 
        "amount": "0.00112200"
    }, 
    {
        "date": "1579313643", 
        "tid": "14385140", 
        "price": "120619000", 
        "type": "sell", 
        "amount": "0.00256591"
    }, 
    {
        "date": "1579313643", 
        "tid": "14385139", 
        "price": "120670000", 
        "type": "sell", 
        "amount": "0.00067890"
    }, 
    {
        "date": "1579313496", 
        "tid": "14385138", 
        "price": "120989000", 
        "type": "buy", 
        "amount": "0.05166406"
    }, 
    {
        "date": "1579313443", 
        "tid": "14385137", 
        "price": "120990000", 
        "type": "buy", 
        "amount": "0.00397916"
    }, 
    {
        "date": "1579313443", 
        "tid": "14385136", 
        "price": "120989000", 
        "type": "buy", 
        "amount": "0.00067890"
    }, 
    {
        "date": "1579313443", 
        "tid": "14385135", 
        "price": "120867000", 
        "type": "buy", 
        "amount": "0.00256592"
    }, 
    {
        "date": "1579313443", 
        "tid": "14385134", 
        "price": "120843000", 
        "type": "buy", 
        "amount": "0.00112200"
    }, 
    {
        "date": "1579313443", 
        "tid": "14385133", 
        "price": "120816000", 
        "type": "buy", 
        "amount": "0.00146969"
    }, 
    {
        "date": "1579313439", 
        "tid": "14385132", 
        "price": "120816000", 
        "type": "buy", 
        "amount": "0.00097503"
    }, 
    {
        "date": "1579313400", 
        "tid": "14385131", 
        "price": "120810000", 
        "type": "sell", 
        "amount": "0.00050472"
    }, 
    {
        "date": "1579313400", 
        "tid": "14385130", 
        "price": "120810000", 
        "type": "sell", 
        "amount": "0.00074470"
    }, 
    {
        "date": "1579313376", 
        "tid": "14385129", 
        "price": "120465000", 
        "type": "sell", 
        "amount": "0.16925485"
    }, 
    {
        "date": "1579313376", 
        "tid": "14385128", 
        "price": "120468000", 
        "type": "sell", 
        "amount": "0.60000000"
    }, 
    {
        "date": "1579313376", 
        "tid": "14385127", 
        "price": "120500000", 
        "type": "sell", 
        "amount": "0.70344517"
    }, 
    {
        "date": "1579313376", 
        "tid": "14385126", 
        "price": "120507000", 
        "type": "sell", 
        "amount": "0.02093793"
    }, 
    {
        "date": "1579313376", 
        "tid": "14385125", 
        "price": "120508000", 
        "type": "sell", 
        "amount": "0.04336092"
    }, 
    {
        "date": "1579313376", 
        "tid": "14385124", 
        "price": "120513000", 
        "type": "sell", 
        "amount": "0.00076829"
    }, 
    {
        "date": "1579313376", 
        "tid": "14385123", 
        "price": "120514000", 
        "type": "sell", 
        "amount": "0.20197653"
    }, 
    {
        "date": "1579313376", 
        "tid": "14385122", 
        "price": "120565000", 
        "type": "sell", 
        "amount": "0.00128750"
    }, 
    {
        "date": "1579313376", 
        "tid": "14385121", 
        "price": "120612000", 
        "type": "sell", 
        "amount": "0.00244472"
    }, 
    {
        "date": "1579313376", 
        "tid": "14385120", 
        "price": "120617000", 
        "type": "sell", 
        "amount": "0.00112200"
    }, 
    {
        "date": "1579313376", 
        "tid": "14385119", 
        "price": "120619000", 
        "type": "sell", 
        "amount": "0.00256591"
    }, 
    {
        "date": "1579313376", 
        "tid": "14385118", 
        "price": "120632000", 
        "type": "sell", 
        "amount": "0.00044033"
    }, 
    {
        "date": "1579313376", 
        "tid": "14385117", 
        "price": "120653000", 
        "type": "sell", 
        "amount": "0.01100000"
    }, 
    {
        "date": "1579313376", 
        "tid": "14385116", 
        "price": "120670000", 
        "type": "sell", 
        "amount": "0.00067890"
    }, 
    {
        "date": "1579313376", 
        "tid": "14385115", 
        "price": "120700000", 
        "type": "sell", 
        "amount": "0.00565763"
    }, 
    {
        "date": "1579313376", 
        "tid": "14385114", 
        "price": "120720000", 
        "type": "sell", 
        "amount": "0.05561741"
    }, 
    {
        "date": "1579313376", 
        "tid": "14385113", 
        "price": "120750000", 
        "type": "sell", 
        "amount": "0.00882769"
    }, 
    {
        "date": "1579313376", 
        "tid": "14385112", 
        "price": "120757000", 
        "type": "sell", 
        "amount": "0.00428526"
    }, 
    {
        "date": "1579313376", 
        "tid": "14385111", 
        "price": "120790000", 
        "type": "sell", 
        "amount": "0.14441183"
    }, 
    {
        "date": "1579313376", 
        "tid": "14385110", 
        "price": "120798000", 
        "type": "sell", 
        "amount": "0.03953101"
    }, 
    {
        "date": "1579313376", 
        "tid": "14385109", 
        "price": "120800000", 
        "type": "sell", 
        "amount": "0.06208608"
    }, 
    {
        "date": "1579313376", 
        "tid": "14385108", 
        "price": "120808000", 
        "type": "sell", 
        "amount": "0.06108485"
    }, 
    {
        "date": "1579313366", 
        "tid": "14385107", 
        "price": "120997000", 
        "type": "buy", 
        "amount": "0.01831010"
    }, 
    {
        "date": "1579313347", 
        "tid": "14385106", 
        "price": "120808000", 
        "type": "sell", 
        "amount": "0.00100000"
    }, 
    {
        "date": "1579313303", 
        "tid": "14385105", 
        "price": "120962000", 
        "type": "buy", 
        "amount": "0.01046595"
    }, 
    {
        "date": "1579313234", 
        "tid": "14385104", 
        "price": "120808000", 
        "type": "sell", 
        "amount": "0.00658028"
    }, 
    {
        "date": "1579313178", 
        "tid": "14385103", 
        "price": "121020000", 
        "type": "buy", 
        "amount": "0.00090622"
    }, 
    {
        "date": "1579313175", 
        "tid": "14385102", 
        "price": "121020000", 
        "type": "buy", 
        "amount": "0.00090622"
    }, 
    {
        "date": "1579313088", 
        "tid": "14385101", 
        "price": "120801000", 
        "type": "sell", 
        "amount": "0.06136686"
    }, 
    {
        "date": "1579313088", 
        "tid": "14385100", 
        "price": "120802000", 
        "type": "sell", 
        "amount": "0.00295157"
    }, 
    {
        "date": "1579313088", 
        "tid": "14385099", 
        "price": "120803000", 
        "type": "sell", 
        "amount": "0.09736255"
    }, 
    {
        "date": "1579313088", 
        "tid": "14385098", 
        "price": "120816000", 
        "type": "sell", 
        "amount": "0.00244472"
    }, 
    {
        "date": "1579313088", 
        "tid": "14385097", 
        "price": "120820000", 
        "type": "sell", 
        "amount": "0.00443814"
    }, 
    {
        "date": "1579313088", 
        "tid": "14385096", 
        "price": "121050000", 
        "type": "sell", 
        "amount": "0.02800000"
    }, 
    {
        "date": "1579313088", 
        "tid": "14385095", 
        "price": "121062000", 
        "type": "sell", 
        "amount": "0.04130114"
    }, 
    {
        "date": "1579313076", 
        "tid": "14385094", 
        "price": "121068000", 
        "type": "buy", 
        "amount": "0.00089234"
    }, 
    {
        "date": "1579313061", 
        "tid": "14385093", 
        "price": "121068000", 
        "type": "buy", 
        "amount": "0.00041999"
    }, 
    {
        "date": "1579312978", 
        "tid": "14385092", 
        "price": "121068000", 
        "type": "buy", 
        "amount": "0.00041999"
    }, 
    {
        "date": "1579312975", 
        "tid": "14385091", 
        "price": "121068000", 
        "type": "sell", 
        "amount": "0.00196564"
    }, 
    {
        "date": "1579312835", 
        "tid": "14385090", 
        "price": "121068000", 
        "type": "buy", 
        "amount": "0.24002493"
    }, 
    {
        "date": "1579312835", 
        "tid": "14385089", 
        "price": "121067000", 
        "type": "buy", 
        "amount": "0.09632604"
    }, 
    {
        "date": "1579312835", 
        "tid": "14385088", 
        "price": "121066000", 
        "type": "buy", 
        "amount": "0.00086803"
    }, 
    {
        "date": "1579312835", 
        "tid": "14385087", 
        "price": "121037000", 
        "type": "buy", 
        "amount": "0.00074470"
    }, 
    {
        "date": "1579312835", 
        "tid": "14385086", 
        "price": "121020000", 
        "type": "buy", 
        "amount": "0.00244472"
    }, 
    {
        "date": "1579312835", 
        "tid": "14385085", 
        "price": "121000000", 
        "type": "buy", 
        "amount": "0.00496358"
    }, 
    {
        "date": "1579312835", 
        "tid": "14385084", 
        "price": "120999000", 
        "type": "buy", 
        "amount": "0.05181568"
    }, 
    {
        "date": "1579312835", 
        "tid": "14385083", 
        "price": "120977000", 
        "type": "buy", 
        "amount": "0.00208552"
    }, 
    {
        "date": "1579312835", 
        "tid": "14385082", 
        "price": "120850000", 
        "type": "buy", 
        "amount": "0.07530760"
    }, 
    {
        "date": "1579312835", 
        "tid": "14385081", 
        "price": "120821000", 
        "type": "buy", 
        "amount": "0.01973795"
    }, 
    {
        "date": "1579312829", 
        "tid": "14385080", 
        "price": "120820000", 
        "type": "sell", 
        "amount": "0.02094302"
    }, 
    {
        "date": "1579312757", 
        "tid": "14385079", 
        "price": "120801000", 
        "type": "sell", 
        "amount": "0.00208552"
    }, 
    {
        "date": "1579312714", 
        "tid": "14385078", 
        "price": "120821000", 
        "type": "buy", 
        "amount": "0.03787315"
    }, 
    {
        "date": "1579312709", 
        "tid": "14385077", 
        "price": "120821000", 
        "type": "buy", 
        "amount": "0.00042085"
    }, 
    {
        "date": "1579312682", 
        "tid": "14385076", 
        "price": "120821000", 
        "type": "buy", 
        "amount": "0.00042085"
    }, 
    {
        "date": "1579312671", 
        "tid": "14385075", 
        "price": "120821000", 
        "type": "buy", 
        "amount": "0.00042085"
    }, 
    {
        "date": "1579312666", 
        "tid": "14385074", 
        "price": "120821000", 
        "type": "buy", 
        "amount": "0.00577637"
    }, 
    {
        "date": "1579312662", 
        "tid": "14385073", 
        "price": "120821000", 
        "type": "buy", 
        "amount": "0.00042085"
    }, 
    {
        "date": "1579312661", 
        "tid": "14385072", 
        "price": "120821000", 
        "type": "buy", 
        "amount": "0.01650390"
    }, 
    {
        "date": "1579312658", 
        "tid": "14385071", 
        "price": "120798000", 
        "type": "sell", 
        "amount": "0.00296243"
    }, 
    {
        "date": "1579312651", 
        "tid": "14385070", 
        "price": "120821000", 
        "type": "buy", 
        "amount": "0.00042085"
    }, 
    {
        "date": "1579312628", 
        "tid": "14385069", 
        "price": "120821000", 
        "type": "buy", 
        "amount": "0.00272314"
    }, 
    {
        "date": "1579312593", 
        "tid": "14385068", 
        "price": "120821000", 
        "type": "buy", 
        "amount": "0.00090771"
    }, 
    {
        "date": "1579312590", 
        "tid": "14385067", 
        "price": "120821000", 
        "type": "buy", 
        "amount": "0.00437353"
    }, 
    {
        "date": "1579312579", 
        "tid": "14385066", 
        "price": "120850000", 
        "type": "buy", 
        "amount": "0.00021182"
    }, 
    {
        "date": "1579312579", 
        "tid": "14385065", 
        "price": "120821000", 
        "type": "buy", 
        "amount": "0.00020899"
    }, 
    {
        "date": "1579312560", 
        "tid": "14385064", 
        "price": "120798000", 
        "type": "sell", 
        "amount": "0.00100091"
    }, 
    {
        "date": "1579312558", 
        "tid": "14385063", 
        "price": "120798000", 
        "type": "sell", 
        "amount": "0.00633102"
    }, 
    {
        "date": "1579312555", 
        "tid": "14385062", 
        "price": "120821000", 
        "type": "buy", 
        "amount": "0.00074267"
    }, 
    {
        "date": "1579312552", 
        "tid": "14385061", 
        "price": "120821000", 
        "type": "buy", 
        "amount": "0.00354834"
    }, 
    {
        "date": "1579312474", 
        "tid": "14385060", 
        "price": "120798000", 
        "type": "sell", 
        "amount": "0.00150000"
    }, 
    {
        "date": "1579312380", 
        "tid": "14385059", 
        "price": "120798000", 
        "type": "buy", 
        "amount": "0.13205635"
    }, 
    {
        "date": "1579312290", 
        "tid": "14385058", 
        "price": "120870000", 
        "type": "buy", 
        "amount": "0.00041243"
    }, 
    {
        "date": "1579312245", 
        "tid": "14385057", 
        "price": "120899000", 
        "type": "buy", 
        "amount": "0.01751190"
    }, 
    {
        "date": "1579312245", 
        "tid": "14385056", 
        "price": "120893000", 
        "type": "buy", 
        "amount": "0.00150491"
    }, 
    {
        "date": "1579312245", 
        "tid": "14385055", 
        "price": "120892000", 
        "type": "buy", 
        "amount": "0.00085996"
    }, 
    {
        "date": "1579312245", 
        "tid": "14385054", 
        "price": "120800000", 
        "type": "buy", 
        "amount": "0.05933959"
    }, 
    {
        "date": "1579312236", 
        "tid": "14385053", 
        "price": "120800000", 
        "type": "buy", 
        "amount": "0.01471427"
    }, 
    {
        "date": "1579312236", 
        "tid": "14385052", 
        "price": "120799000", 
        "type": "buy", 
        "amount": "0.00674460"
    }, 
    {
        "date": "1579312216", 
        "tid": "14385051", 
        "price": "120799000", 
        "type": "sell", 
        "amount": "0.00942811"
    }, 
    {
        "date": "1579312167", 
        "tid": "14385050", 
        "price": "120790000", 
        "type": "sell", 
        "amount": "0.00298945"
    }, 
    {
        "date": "1579312096", 
        "tid": "14385049", 
        "price": "120790000", 
        "type": "sell", 
        "amount": "0.01120000"
    }, 
    {
        "date": "1579312059", 
        "tid": "14385048", 
        "price": "120799000", 
        "type": "buy", 
        "amount": "0.00203035"
    }, 
    {
        "date": "1579312025", 
        "tid": "14385047", 
        "price": "120790000", 
        "type": "sell", 
        "amount": "0.00298945"
    }, 
    {
        "date": "1579311937", 
        "tid": "14385046", 
        "price": "120757000", 
        "type": "sell", 
        "amount": "0.00261032"
    }, 
    {
        "date": "1579311912", 
        "tid": "14385045", 
        "price": "120800000", 
        "type": "sell", 
        "amount": "0.06216254"
    }, 
    {
        "date": "1579311908", 
        "tid": "14385044", 
        "price": "120801000", 
        "type": "sell", 
        "amount": "0.00074469"
    }, 
    {
        "date": "1579311898", 
        "tid": "14385043", 
        "price": "120816000", 
        "type": "buy", 
        "amount": "0.11545364"
    }, 
    {
        "date": "1579311895", 
        "tid": "14385042", 
        "price": "120816000", 
        "type": "sell", 
        "amount": "0.00244472"
    }, 
    {
        "date": "1579311887", 
        "tid": "14385041", 
        "price": "120843000", 
        "type": "sell", 
        "amount": "0.00112200"
    }, 
    {
        "date": "1579311879", 
        "tid": "14385040", 
        "price": "120867000", 
        "type": "sell", 
        "amount": "0.11036591"
    }, 
    {
        "date": "1579311865", 
        "tid": "14385039", 
        "price": "120891000", 
        "type": "buy", 
        "amount": "0.00327413"
    }, 
    {
        "date": "1579311848", 
        "tid": "14385038", 
        "price": "120899000", 
        "type": "buy", 
        "amount": "0.00042058"
    }, 
    {
        "date": "1579311842", 
        "tid": "14385037", 
        "price": "120900000", 
        "type": "sell", 
        "amount": "0.12271389"
    }, 
    {
        "date": "1579311820", 
        "tid": "14385036", 
        "price": "120999000", 
        "type": "buy", 
        "amount": "0.00411991"
    }, 
    {
        "date": "1579311820", 
        "tid": "14385035", 
        "price": "120999000", 
        "type": "sell", 
        "amount": "0.72266222"
    }, 
    {
        "date": "1579311816", 
        "tid": "14385034", 
        "price": "121000000", 
        "type": "sell", 
        "amount": "0.02620899"
    }, 
    {
        "date": "1579311808", 
        "tid": "14385033", 
        "price": "121020000", 
        "type": "sell", 
        "amount": "0.07354472"
    }, 
    {
        "date": "1579311800", 
        "tid": "14385032", 
        "price": "121037000", 
        "type": "sell", 
        "amount": "0.00074469"
    }, 
    {
        "date": "1579311793", 
        "tid": "14385031", 
        "price": "121045000", 
        "type": "sell", 
        "amount": "0.09546733"
    }, 
    {
        "date": "1579311787", 
        "tid": "14385030", 
        "price": "121046000", 
        "type": "buy", 
        "amount": "0.09902180"
    }, 
    {
        "date": "1579311785", 
        "tid": "14385029", 
        "price": "121069000", 
        "type": "sell", 
        "amount": "0.00112199"
    }, 
    {
        "date": "1579311776", 
        "tid": "14385028", 
        "price": "121100000", 
        "type": "sell", 
        "amount": "0.02143291"
    }, 
    {
        "date": "1579311773", 
        "tid": "14385027", 
        "price": "121100000", 
        "type": "sell", 
        "amount": "0.00334000"
    }, 
    {
        "date": "1579311770", 
        "tid": "14385026", 
        "price": "121124000", 
        "type": "buy", 
        "amount": "0.11036889"
    }, 
    {
        "date": "1579311766", 
        "tid": "14385025", 
        "price": "121124000", 
        "type": "sell", 
        "amount": "0.04011814"
    }, 
    {
        "date": "1579311739", 
        "tid": "14385024", 
        "price": "121124000", 
        "type": "sell", 
        "amount": "0.00116187"
    }, 
    {
        "date": "1579311739", 
        "tid": "14385023", 
        "price": "121125000", 
        "type": "sell", 
        "amount": "0.03610435"
    }, 
    {
        "date": "1579311739", 
        "tid": "14385022", 
        "price": "121142000", 
        "type": "sell", 
        "amount": "0.00373030"
    }, 
    {
        "date": "1579311650", 
        "tid": "14385021", 
        "price": "121145000", 
        "type": "buy", 
        "amount": "0.00224058"
    }, 
    {
        "date": "1579311507", 
        "tid": "14385020", 
        "price": "121125000", 
        "type": "sell", 
        "amount": "0.02887281"
    }, 
    {
        "date": "1579311507", 
        "tid": "14385019", 
        "price": "121144000", 
        "type": "sell", 
        "amount": "0.10769999"
    }, 
    {
        "date": "1579311492", 
        "tid": "14385018", 
        "price": "121145000", 
        "type": "sell", 
        "amount": "0.01759422"
    }, 
    {
        "date": "1579311492", 
        "tid": "14385017", 
        "price": "121200000", 
        "type": "sell", 
        "amount": "0.02475247"
    }, 
    {
        "date": "1579311464", 
        "tid": "14385016", 
        "price": "121294000", 
        "type": "buy", 
        "amount": "0.00634188"
    }, 
    {
        "date": "1579311417", 
        "tid": "14385015", 
        "price": "121294000", 
        "type": "buy", 
        "amount": "0.00809647"
    }, 
    {
        "date": "1579311376", 
        "tid": "14385014", 
        "price": "121123000", 
        "type": "sell", 
        "amount": "0.00060884"
    }, 
    {
        "date": "1579311376", 
        "tid": "14385013", 
        "price": "121294000", 
        "type": "buy", 
        "amount": "0.00082199"
    }, 
    {
        "date": "1579311308", 
        "tid": "14385012", 
        "price": "121294000", 
        "type": "buy", 
        "amount": "0.00082197"
    }, 
    {
        "date": "1579311267", 
        "tid": "14385011", 
        "price": "121278000", 
        "type": "buy", 
        "amount": "0.13666204"
    }, 
    {
        "date": "1579311267", 
        "tid": "14385010", 
        "price": "121277000", 
        "type": "buy", 
        "amount": "0.12398634"
    }, 
    {
        "date": "1579311267", 
        "tid": "14385009", 
        "price": "121272000", 
        "type": "buy", 
        "amount": "0.00074470"
    }, 
    {
        "date": "1579311267", 
        "tid": "14385008", 
        "price": "121250000", 
        "type": "buy", 
        "amount": "0.00050472"
    }, 
    {
        "date": "1579311267", 
        "tid": "14385007", 
        "price": "121230000", 
        "type": "buy", 
        "amount": "0.00098563"
    }, 
    {
        "date": "1579311267", 
        "tid": "14385006", 
        "price": "121224000", 
        "type": "buy", 
        "amount": "0.00244472"
    }, 
    {
        "date": "1579311267", 
        "tid": "14385005", 
        "price": "121170000", 
        "type": "buy", 
        "amount": "0.08229710"
    }
]