[
    {
        "date": "1579395726", 
        "tid": "14388602", 
        "price": "121716000", 
        "type": "buy", 
        "amount": "0.07119621"
    }, 
    {
        "date": "1579395726", 
        "tid": "14388601", 
        "price": "121700000", 
        "type": "buy", 
        "amount": "0.16468260"
    }, 
    {
        "date": "1579395726", 
        "tid": "14388600", 
        "price": "121699000", 
        "type": "buy", 
        "amount": "0.00053671"
    }, 
    {
        "date": "1579395726", 
        "tid": "14388599", 
        "price": "121698000", 
        "type": "buy", 
        "amount": "0.00076830"
    }, 
    {
        "date": "1579395726", 
        "tid": "14388598", 
        "price": "121683000", 
        "type": "buy", 
        "amount": "0.01804270"
    }, 
    {
        "date": "1579395725", 
        "tid": "14388597", 
        "price": "121683000", 
        "type": "buy", 
        "amount": "0.01309590"
    }, 
    {
        "date": "1579395725", 
        "tid": "14388596", 
        "price": "121680000", 
        "type": "buy", 
        "amount": "0.00077960"
    }, 
    {
        "date": "1579395725", 
        "tid": "14388595", 
        "price": "121672000", 
        "type": "buy", 
        "amount": "0.01282226"
    }, 
    {
        "date": "1579395725", 
        "tid": "14388594", 
        "price": "121655000", 
        "type": "sell", 
        "amount": "0.00449425"
    }, 
    {
        "date": "1579395724", 
        "tid": "14388593", 
        "price": "121655000", 
        "type": "buy", 
        "amount": "0.00139621"
    }, 
    {
        "date": "1579395722", 
        "tid": "14388592", 
        "price": "121655000", 
        "type": "buy", 
        "amount": "0.28015952"
    }, 
    {
        "date": "1579395721", 
        "tid": "14388591", 
        "price": "121655000", 
        "type": "buy", 
        "amount": "0.42279450"
    }, 
    {
        "date": "1579395721", 
        "tid": "14388590", 
        "price": "121643000", 
        "type": "buy", 
        "amount": "0.00145893"
    }, 
    {
        "date": "1579395721", 
        "tid": "14388589", 
        "price": "121640000", 
        "type": "buy", 
        "amount": "0.00041736"
    }, 
    {
        "date": "1579395721", 
        "tid": "14388588", 
        "price": "121637000", 
        "type": "buy", 
        "amount": "0.00081058"
    }, 
    {
        "date": "1579395721", 
        "tid": "14388587", 
        "price": "121627000", 
        "type": "buy", 
        "amount": "0.00067890"
    }, 
    {
        "date": "1579395715", 
        "tid": "14388586", 
        "price": "121625000", 
        "type": "buy", 
        "amount": "0.00096403"
    }, 
    {
        "date": "1579395714", 
        "tid": "14388585", 
        "price": "121625000", 
        "type": "buy", 
        "amount": "0.01196411"
    }, 
    {
        "date": "1579395712", 
        "tid": "14388584", 
        "price": "121625000", 
        "type": "buy", 
        "amount": "0.01393505"
    }, 
    {
        "date": "1579395712", 
        "tid": "14388583", 
        "price": "121625000", 
        "type": "buy", 
        "amount": "0.01313724"
    }, 
    {
        "date": "1579395712", 
        "tid": "14388582", 
        "price": "121612000", 
        "type": "buy", 
        "amount": "0.00256592"
    }, 
    {
        "date": "1579395712", 
        "tid": "14388581", 
        "price": "121605000", 
        "type": "buy", 
        "amount": "0.00171384"
    }, 
    {
        "date": "1579395712", 
        "tid": "14388580", 
        "price": "121600000", 
        "type": "buy", 
        "amount": "0.04084745"
    }, 
    {
        "date": "1579395712", 
        "tid": "14388579", 
        "price": "121596000", 
        "type": "buy", 
        "amount": "0.00398438"
    }, 
    {
        "date": "1579395712", 
        "tid": "14388578", 
        "price": "121595000", 
        "type": "buy", 
        "amount": "0.00077960"
    }, 
    {
        "date": "1579395712", 
        "tid": "14388577", 
        "price": "121570000", 
        "type": "buy", 
        "amount": "0.01429562"
    }, 
    {
        "date": "1579395712", 
        "tid": "14388576", 
        "price": "121554000", 
        "type": "buy", 
        "amount": "0.05824438"
    }, 
    {
        "date": "1579395712", 
        "tid": "14388575", 
        "price": "121551000", 
        "type": "buy", 
        "amount": "0.09514936"
    }, 
    {
        "date": "1579395712", 
        "tid": "14388574", 
        "price": "121550000", 
        "type": "buy", 
        "amount": "0.00016803"
    }, 
    {
        "date": "1579395710", 
        "tid": "14388573", 
        "price": "121550000", 
        "type": "buy", 
        "amount": "0.00076714"
    }, 
    {
        "date": "1579395706", 
        "tid": "14388572", 
        "price": "121550000", 
        "type": "buy", 
        "amount": "0.00598205"
    }, 
    {
        "date": "1579395702", 
        "tid": "14388571", 
        "price": "121550000", 
        "type": "buy", 
        "amount": "0.07641611"
    }, 
    {
        "date": "1579395702", 
        "tid": "14388570", 
        "price": "121546000", 
        "type": "buy", 
        "amount": "0.03747071"
    }, 
    {
        "date": "1579395702", 
        "tid": "14388569", 
        "price": "121540000", 
        "type": "buy", 
        "amount": "0.00048610"
    }, 
    {
        "date": "1579395702", 
        "tid": "14388568", 
        "price": "121532000", 
        "type": "buy", 
        "amount": "0.03740251"
    }, 
    {
        "date": "1579395702", 
        "tid": "14388567", 
        "price": "121530000", 
        "type": "buy", 
        "amount": "0.00246508"
    }, 
    {
        "date": "1579395702", 
        "tid": "14388566", 
        "price": "121520000", 
        "type": "buy", 
        "amount": "0.00112200"
    }, 
    {
        "date": "1579395702", 
        "tid": "14388565", 
        "price": "121519000", 
        "type": "buy", 
        "amount": "0.00160000"
    }, 
    {
        "date": "1579395702", 
        "tid": "14388564", 
        "price": "121518000", 
        "type": "buy", 
        "amount": "0.00259396"
    }, 
    {
        "date": "1579395702", 
        "tid": "14388563", 
        "price": "121517000", 
        "type": "buy", 
        "amount": "0.00247119"
    }, 
    {
        "date": "1579395702", 
        "tid": "14388562", 
        "price": "121515000", 
        "type": "buy", 
        "amount": "0.00515415"
    }, 
    {
        "date": "1579395702", 
        "tid": "14388561", 
        "price": "121512000", 
        "type": "buy", 
        "amount": "0.01455664"
    }, 
    {
        "date": "1579395702", 
        "tid": "14388560", 
        "price": "121511000", 
        "type": "buy", 
        "amount": "0.11449500"
    }, 
    {
        "date": "1579395702", 
        "tid": "14388559", 
        "price": "121510000", 
        "type": "buy", 
        "amount": "0.00077960"
    }, 
    {
        "date": "1579395702", 
        "tid": "14388558", 
        "price": "121508000", 
        "type": "buy", 
        "amount": "0.00074470"
    }, 
    {
        "date": "1579395702", 
        "tid": "14388557", 
        "price": "121506000", 
        "type": "buy", 
        "amount": "0.00211462"
    }, 
    {
        "date": "1579395702", 
        "tid": "14388556", 
        "price": "121502000", 
        "type": "buy", 
        "amount": "0.00126254"
    }, 
    {
        "date": "1579395698", 
        "tid": "14388555", 
        "price": "121502000", 
        "type": "buy", 
        "amount": "0.20039882"
    }, 
    {
        "date": "1579395695", 
        "tid": "14388554", 
        "price": "121501000", 
        "type": "buy", 
        "amount": "0.00088062"
    }, 
    {
        "date": "1579395695", 
        "tid": "14388553", 
        "price": "121501000", 
        "type": "buy", 
        "amount": "0.01994018"
    }, 
    {
        "date": "1579395692", 
        "tid": "14388552", 
        "price": "121500000", 
        "type": "buy", 
        "amount": "0.00166386"
    }, 
    {
        "date": "1579395690", 
        "tid": "14388551", 
        "price": "121500000", 
        "type": "buy", 
        "amount": "0.43569296"
    }, 
    {
        "date": "1579395687", 
        "tid": "14388550", 
        "price": "121496000", 
        "type": "sell", 
        "amount": "0.00112000"
    }, 
    {
        "date": "1579395687", 
        "tid": "14388549", 
        "price": "121500000", 
        "type": "buy", 
        "amount": "0.59870244"
    }, 
    {
        "date": "1579395687", 
        "tid": "14388548", 
        "price": "121499000", 
        "type": "buy", 
        "amount": "0.00002991"
    }, 
    {
        "date": "1579395686", 
        "tid": "14388547", 
        "price": "121499000", 
        "type": "buy", 
        "amount": "0.00997009"
    }, 
    {
        "date": "1579395684", 
        "tid": "14388546", 
        "price": "121485000", 
        "type": "buy", 
        "amount": "0.00064572"
    }, 
    {
        "date": "1579395684", 
        "tid": "14388545", 
        "price": "121482000", 
        "type": "buy", 
        "amount": "0.00081896"
    }, 
    {
        "date": "1579395684", 
        "tid": "14388544", 
        "price": "121479000", 
        "type": "buy", 
        "amount": "0.00100000"
    }, 
    {
        "date": "1579395684", 
        "tid": "14388543", 
        "price": "121469000", 
        "type": "buy", 
        "amount": "0.00143257"
    }, 
    {
        "date": "1579395684", 
        "tid": "14388542", 
        "price": "121463000", 
        "type": "buy", 
        "amount": "0.00079140"
    }, 
    {
        "date": "1579395684", 
        "tid": "14388541", 
        "price": "121460000", 
        "type": "buy", 
        "amount": "0.00988168"
    }, 
    {
        "date": "1579395684", 
        "tid": "14388540", 
        "price": "121459000", 
        "type": "buy", 
        "amount": "0.00248545"
    }, 
    {
        "date": "1579395684", 
        "tid": "14388539", 
        "price": "121452000", 
        "type": "buy", 
        "amount": "0.00166885"
    }, 
    {
        "date": "1579395684", 
        "tid": "14388538", 
        "price": "121446000", 
        "type": "buy", 
        "amount": "0.00108105"
    }, 
    {
        "date": "1579395683", 
        "tid": "14388537", 
        "price": "121426000", 
        "type": "buy", 
        "amount": "0.69169378"
    }, 
    {
        "date": "1579395682", 
        "tid": "14388536", 
        "price": "121426000", 
        "type": "buy", 
        "amount": "0.43850622"
    }, 
    {
        "date": "1579395682", 
        "tid": "14388535", 
        "price": "121425000", 
        "type": "buy", 
        "amount": "0.00077960"
    }, 
    {
        "date": "1579395682", 
        "tid": "14388534", 
        "price": "121411000", 
        "type": "buy", 
        "amount": "0.00172413"
    }, 
    {
        "date": "1579395682", 
        "tid": "14388533", 
        "price": "121410000", 
        "type": "buy", 
        "amount": "0.00918818"
    }, 
    {
        "date": "1579395682", 
        "tid": "14388532", 
        "price": "121401000", 
        "type": "buy", 
        "amount": "0.14825109"
    }, 
    {
        "date": "1579395682", 
        "tid": "14388531", 
        "price": "121401000", 
        "type": "buy", 
        "amount": "0.16456677"
    }, 
    {
        "date": "1579395682", 
        "tid": "14388530", 
        "price": "121400000", 
        "type": "buy", 
        "amount": "0.09104364"
    }, 
    {
        "date": "1579395682", 
        "tid": "14388529", 
        "price": "121399000", 
        "type": "buy", 
        "amount": "0.00227777"
    }, 
    {
        "date": "1579395682", 
        "tid": "14388528", 
        "price": "121395000", 
        "type": "buy", 
        "amount": "0.02908019"
    }, 
    {
        "date": "1579395682", 
        "tid": "14388527", 
        "price": "121391000", 
        "type": "buy", 
        "amount": "0.00100000"
    }, 
    {
        "date": "1579395682", 
        "tid": "14388526", 
        "price": "121378000", 
        "type": "buy", 
        "amount": "0.40000000"
    }, 
    {
        "date": "1579395682", 
        "tid": "14388525", 
        "price": "121364000", 
        "type": "buy", 
        "amount": "0.00300626"
    }, 
    {
        "date": "1579395682", 
        "tid": "14388524", 
        "price": "121358000", 
        "type": "buy", 
        "amount": "0.00479898"
    }, 
    {
        "date": "1579395682", 
        "tid": "14388523", 
        "price": "121355000", 
        "type": "buy", 
        "amount": "0.08265123"
    }, 
    {
        "date": "1579395682", 
        "tid": "14388522", 
        "price": "121350000", 
        "type": "buy", 
        "amount": "0.01155845"
    }, 
    {
        "date": "1579395682", 
        "tid": "14388521", 
        "price": "121340000", 
        "type": "buy", 
        "amount": "0.00077960"
    }, 
    {
        "date": "1579395682", 
        "tid": "14388520", 
        "price": "121331000", 
        "type": "buy", 
        "amount": "0.03578396"
    }, 
    {
        "date": "1579395682", 
        "tid": "14388519", 
        "price": "121331000", 
        "type": "buy", 
        "amount": "0.04732057"
    }, 
    {
        "date": "1579395682", 
        "tid": "14388518", 
        "price": "121326000", 
        "type": "buy", 
        "amount": "0.00246508"
    }, 
    {
        "date": "1579395682", 
        "tid": "14388517", 
        "price": "121308000", 
        "type": "buy", 
        "amount": "0.00067890"
    }, 
    {
        "date": "1579395682", 
        "tid": "14388516", 
        "price": "121302000", 
        "type": "buy", 
        "amount": "0.02506077"
    }, 
    {
        "date": "1579395682", 
        "tid": "14388515", 
        "price": "121300000", 
        "type": "buy", 
        "amount": "0.09467028"
    }, 
    {
        "date": "1579395682", 
        "tid": "14388514", 
        "price": "121299000", 
        "type": "buy", 
        "amount": "0.00041793"
    }, 
    {
        "date": "1579395682", 
        "tid": "14388513", 
        "price": "121298000", 
        "type": "buy", 
        "amount": "0.02614366"
    }, 
    {
        "date": "1579395682", 
        "tid": "14388512", 
        "price": "121294000", 
        "type": "buy", 
        "amount": "0.00112200"
    }, 
    {
        "date": "1579395682", 
        "tid": "14388511", 
        "price": "121290000", 
        "type": "buy", 
        "amount": "0.00082798"
    }, 
    {
        "date": "1579395682", 
        "tid": "14388510", 
        "price": "121277000", 
        "type": "buy", 
        "amount": "0.16702583"
    }, 
    {
        "date": "1579395682", 
        "tid": "14388509", 
        "price": "121275000", 
        "type": "buy", 
        "amount": "0.00041630"
    }, 
    {
        "date": "1579395682", 
        "tid": "14388508", 
        "price": "121272000", 
        "type": "buy", 
        "amount": "0.00074470"
    }, 
    {
        "date": "1579395682", 
        "tid": "14388507", 
        "price": "121255000", 
        "type": "buy", 
        "amount": "0.01063513"
    }, 
    {
        "date": "1579395682", 
        "tid": "14388506", 
        "price": "121250000", 
        "type": "buy", 
        "amount": "0.00277985"
    }, 
    {
        "date": "1579395682", 
        "tid": "14388505", 
        "price": "121249000", 
        "type": "buy", 
        "amount": "0.00107563"
    }, 
    {
        "date": "1579395671", 
        "tid": "14388504", 
        "price": "121232000", 
        "type": "buy", 
        "amount": "0.00479728"
    }, 
    {
        "date": "1579395670", 
        "tid": "14388503", 
        "price": "121225000", 
        "type": "buy", 
        "amount": "0.00598437"
    }, 
    {
        "date": "1579395670", 
        "tid": "14388502", 
        "price": "121222000", 
        "type": "buy", 
        "amount": "0.01279528"
    }, 
    {
        "date": "1579395670", 
        "tid": "14388501", 
        "price": "121220000", 
        "type": "buy", 
        "amount": "0.00054281"
    }, 
    {
        "date": "1579395669", 
        "tid": "14388500", 
        "price": "121210000", 
        "type": "buy", 
        "amount": "0.01331758"
    }, 
    {
        "date": "1579395667", 
        "tid": "14388499", 
        "price": "121210000", 
        "type": "buy", 
        "amount": "0.02834743"
    }, 
    {
        "date": "1579395667", 
        "tid": "14388498", 
        "price": "121205000", 
        "type": "buy", 
        "amount": "0.00177145"
    }, 
    {
        "date": "1579395636", 
        "tid": "14388497", 
        "price": "121200000", 
        "type": "sell", 
        "amount": "0.00100013"
    }, 
    {
        "date": "1579395634", 
        "tid": "14388496", 
        "price": "121200000", 
        "type": "buy", 
        "amount": "1.44201859"
    }, 
    {
        "date": "1579395634", 
        "tid": "14388495", 
        "price": "121197000", 
        "type": "buy", 
        "amount": "0.00258490"
    }, 
    {
        "date": "1579395634", 
        "tid": "14388494", 
        "price": "121186000", 
        "type": "buy", 
        "amount": "0.00090057"
    }, 
    {
        "date": "1579395634", 
        "tid": "14388493", 
        "price": "121170000", 
        "type": "buy", 
        "amount": "0.00077960"
    }, 
    {
        "date": "1579395634", 
        "tid": "14388492", 
        "price": "121154000", 
        "type": "buy", 
        "amount": "0.05000000"
    }, 
    {
        "date": "1579395634", 
        "tid": "14388491", 
        "price": "121150000", 
        "type": "buy", 
        "amount": "0.08591688"
    }, 
    {
        "date": "1579395634", 
        "tid": "14388490", 
        "price": "121135000", 
        "type": "buy", 
        "amount": "0.04185761"
    }, 
    {
        "date": "1579395634", 
        "tid": "14388489", 
        "price": "121134000", 
        "type": "buy", 
        "amount": "0.00341510"
    }, 
    {
        "date": "1579395634", 
        "tid": "14388488", 
        "price": "121122000", 
        "type": "buy", 
        "amount": "0.00246508"
    }, 
    {
        "date": "1579395634", 
        "tid": "14388487", 
        "price": "121121000", 
        "type": "buy", 
        "amount": "0.00058476"
    }, 
    {
        "date": "1579395634", 
        "tid": "14388486", 
        "price": "121115000", 
        "type": "buy", 
        "amount": "0.00057190"
    }, 
    {
        "date": "1579395622", 
        "tid": "14388485", 
        "price": "121115000", 
        "type": "buy", 
        "amount": "0.00199402"
    }, 
    {
        "date": "1579395621", 
        "tid": "14388484", 
        "price": "121114000", 
        "type": "sell", 
        "amount": "0.02512576"
    }, 
    {
        "date": "1579395617", 
        "tid": "14388483", 
        "price": "121106000", 
        "type": "buy", 
        "amount": "0.00076830"
    }, 
    {
        "date": "1579395562", 
        "tid": "14388482", 
        "price": "121105000", 
        "type": "buy", 
        "amount": "0.00280223"
    }, 
    {
        "date": "1579395481", 
        "tid": "14388481", 
        "price": "121100000", 
        "type": "buy", 
        "amount": "0.17385231"
    }, 
    {
        "date": "1579395481", 
        "tid": "14388480", 
        "price": "121099000", 
        "type": "buy", 
        "amount": "0.00474305"
    }, 
    {
        "date": "1579395481", 
        "tid": "14388479", 
        "price": "121091000", 
        "type": "buy", 
        "amount": "0.00156773"
    }, 
    {
        "date": "1579395481", 
        "tid": "14388478", 
        "price": "121086000", 
        "type": "buy", 
        "amount": "0.00501985"
    }, 
    {
        "date": "1579395481", 
        "tid": "14388477", 
        "price": "121085000", 
        "type": "buy", 
        "amount": "0.00077960"
    }, 
    {
        "date": "1579395481", 
        "tid": "14388476", 
        "price": "121069000", 
        "type": "buy", 
        "amount": "0.00112200"
    }, 
    {
        "date": "1579395481", 
        "tid": "14388475", 
        "price": "121059000", 
        "type": "buy", 
        "amount": "0.00115351"
    }, 
    {
        "date": "1579395481", 
        "tid": "14388474", 
        "price": "121041000", 
        "type": "buy", 
        "amount": "0.00053671"
    }, 
    {
        "date": "1579395481", 
        "tid": "14388473", 
        "price": "121037000", 
        "type": "buy", 
        "amount": "0.00074470"
    }, 
    {
        "date": "1579395481", 
        "tid": "14388472", 
        "price": "121021000", 
        "type": "buy", 
        "amount": "0.00132847"
    }, 
    {
        "date": "1579395481", 
        "tid": "14388471", 
        "price": "121020000", 
        "type": "buy", 
        "amount": "0.02352338"
    }, 
    {
        "date": "1579395481", 
        "tid": "14388470", 
        "price": "121005000", 
        "type": "buy", 
        "amount": "0.00139578"
    }, 
    {
        "date": "1579395481", 
        "tid": "14388469", 
        "price": "121001000", 
        "type": "buy", 
        "amount": "0.01036048"
    }, 
    {
        "date": "1579395392", 
        "tid": "14388468", 
        "price": "121000000", 
        "type": "sell", 
        "amount": "2.00000000"
    }, 
    {
        "date": "1579395388", 
        "tid": "14388467", 
        "price": "121000000", 
        "type": "sell", 
        "amount": "0.00054071"
    }, 
    {
        "date": "1579395381", 
        "tid": "14388466", 
        "price": "121000000", 
        "type": "sell", 
        "amount": "0.00241043"
    }, 
    {
        "date": "1579395378", 
        "tid": "14388465", 
        "price": "121000000", 
        "type": "sell", 
        "amount": "0.00670814"
    }, 
    {
        "date": "1579395366", 
        "tid": "14388464", 
        "price": "121000000", 
        "type": "buy", 
        "amount": "0.56657741"
    }, 
    {
        "date": "1579395366", 
        "tid": "14388463", 
        "price": "120999000", 
        "type": "buy", 
        "amount": "0.00177960"
    }, 
    {
        "date": "1579395366", 
        "tid": "14388462", 
        "price": "120998000", 
        "type": "buy", 
        "amount": "0.00687468"
    }, 
    {
        "date": "1579395366", 
        "tid": "14388461", 
        "price": "120995000", 
        "type": "buy", 
        "amount": "0.01228688"
    }, 
    {
        "date": "1579395366", 
        "tid": "14388460", 
        "price": "120989000", 
        "type": "buy", 
        "amount": "0.00067890"
    }, 
    {
        "date": "1579395366", 
        "tid": "14388459", 
        "price": "120988000", 
        "type": "buy", 
        "amount": "0.06437016"
    }, 
    {
        "date": "1579395366", 
        "tid": "14388458", 
        "price": "120980000", 
        "type": "buy", 
        "amount": "0.02483628"
    }, 
    {
        "date": "1579395366", 
        "tid": "14388457", 
        "price": "120950000", 
        "type": "buy", 
        "amount": "0.00100572"
    }, 
    {
        "date": "1579395366", 
        "tid": "14388456", 
        "price": "120938000", 
        "type": "buy", 
        "amount": "0.00468882"
    }, 
    {
        "date": "1579395366", 
        "tid": "14388455", 
        "price": "120935000", 
        "type": "buy", 
        "amount": "0.00153350"
    }, 
    {
        "date": "1579395366", 
        "tid": "14388454", 
        "price": "120920000", 
        "type": "buy", 
        "amount": "0.00079623"
    }, 
    {
        "date": "1579395301", 
        "tid": "14388453", 
        "price": "120918000", 
        "type": "buy", 
        "amount": "0.12341857"
    }
]