[
    {
        "date": "1579269681", 
        "tid": "14383298", 
        "price": "119851000", 
        "type": "sell", 
        "amount": "0.01261093"
    }, 
    {
        "date": "1579269681", 
        "tid": "14383297", 
        "price": "119852000", 
        "type": "sell", 
        "amount": "0.00988168"
    }, 
    {
        "date": "1579269681", 
        "tid": "14383296", 
        "price": "119865000", 
        "type": "sell", 
        "amount": "0.00090863"
    }, 
    {
        "date": "1579269681", 
        "tid": "14383295", 
        "price": "119900000", 
        "type": "sell", 
        "amount": "0.01001243"
    }, 
    {
        "date": "1579269472", 
        "tid": "14383294", 
        "price": "119851000", 
        "type": "sell", 
        "amount": "0.01144458"
    }, 
    {
        "date": "1579269373", 
        "tid": "14383293", 
        "price": "119851000", 
        "type": "sell", 
        "amount": "0.01370377"
    }, 
    {
        "date": "1579269211", 
        "tid": "14383292", 
        "price": "119850000", 
        "type": "sell", 
        "amount": "0.05703972"
    }, 
    {
        "date": "1579269121", 
        "tid": "14383291", 
        "price": "119851000", 
        "type": "buy", 
        "amount": "0.00820073"
    }, 
    {
        "date": "1579269034", 
        "tid": "14383290", 
        "price": "119850000", 
        "type": "sell", 
        "amount": "0.01100518"
    }, 
    {
        "date": "1579269012", 
        "tid": "14383289", 
        "price": "119851000", 
        "type": "sell", 
        "amount": "0.00096770"
    }, 
    {
        "date": "1579268945", 
        "tid": "14383288", 
        "price": "119996000", 
        "type": "buy", 
        "amount": "0.04154342"
    }, 
    {
        "date": "1579268927", 
        "tid": "14383287", 
        "price": "119850000", 
        "type": "sell", 
        "amount": "1.00447373"
    }, 
    {
        "date": "1579268927", 
        "tid": "14383286", 
        "price": "119852000", 
        "type": "sell", 
        "amount": "0.01006461"
    }, 
    {
        "date": "1579268927", 
        "tid": "14383285", 
        "price": "119854000", 
        "type": "sell", 
        "amount": "0.54956345"
    }, 
    {
        "date": "1579268927", 
        "tid": "14383284", 
        "price": "119865000", 
        "type": "sell", 
        "amount": "0.08342718"
    }, 
    {
        "date": "1579268927", 
        "tid": "14383283", 
        "price": "119867000", 
        "type": "sell", 
        "amount": "0.04609760"
    }, 
    {
        "date": "1579268927", 
        "tid": "14383282", 
        "price": "119876000", 
        "type": "sell", 
        "amount": "0.09639867"
    }, 
    {
        "date": "1579268927", 
        "tid": "14383281", 
        "price": "119978000", 
        "type": "sell", 
        "amount": "0.01704763"
    }, 
    {
        "date": "1579268927", 
        "tid": "14383280", 
        "price": "119999000", 
        "type": "sell", 
        "amount": "0.09292713"
    }, 
    {
        "date": "1579268897", 
        "tid": "14383279", 
        "price": "119999000", 
        "type": "sell", 
        "amount": "0.00791080"
    }, 
    {
        "date": "1579268815", 
        "tid": "14383278", 
        "price": "119999000", 
        "type": "sell", 
        "amount": "0.00018336"
    }, 
    {
        "date": "1579268793", 
        "tid": "14383277", 
        "price": "119999000", 
        "type": "sell", 
        "amount": "0.00106365"
    }, 
    {
        "date": "1579268769", 
        "tid": "14383276", 
        "price": "120000000", 
        "type": "buy", 
        "amount": "0.00083084"
    }, 
    {
        "date": "1579268756", 
        "tid": "14383275", 
        "price": "120000000", 
        "type": "buy", 
        "amount": "0.01745571"
    }, 
    {
        "date": "1579268670", 
        "tid": "14383274", 
        "price": "120000000", 
        "type": "buy", 
        "amount": "0.00154120"
    }, 
    {
        "date": "1579268650", 
        "tid": "14383273", 
        "price": "119999000", 
        "type": "sell", 
        "amount": "0.00500000"
    }, 
    {
        "date": "1579268548", 
        "tid": "14383272", 
        "price": "119999000", 
        "type": "sell", 
        "amount": "0.00682117"
    }, 
    {
        "date": "1579268534", 
        "tid": "14383271", 
        "price": "120000000", 
        "type": "buy", 
        "amount": "0.00082205"
    }, 
    {
        "date": "1579268338", 
        "tid": "14383270", 
        "price": "119999000", 
        "type": "sell", 
        "amount": "0.00130000"
    }, 
    {
        "date": "1579268290", 
        "tid": "14383269", 
        "price": "119999000", 
        "type": "sell", 
        "amount": "0.01502654"
    }, 
    {
        "date": "1579268255", 
        "tid": "14383268", 
        "price": "120000000", 
        "type": "buy", 
        "amount": "0.02967670"
    }, 
    {
        "date": "1579268242", 
        "tid": "14383267", 
        "price": "120000000", 
        "type": "buy", 
        "amount": "0.00065271"
    }, 
    {
        "date": "1579268242", 
        "tid": "14383266", 
        "price": "119999000", 
        "type": "buy", 
        "amount": "0.00807892"
    }, 
    {
        "date": "1579268195", 
        "tid": "14383265", 
        "price": "119880000", 
        "type": "sell", 
        "amount": "0.00457707"
    }, 
    {
        "date": "1579268152", 
        "tid": "14383264", 
        "price": "119868000", 
        "type": "buy", 
        "amount": "0.00568675"
    }, 
    {
        "date": "1579268106", 
        "tid": "14383263", 
        "price": "119868000", 
        "type": "buy", 
        "amount": "0.00150133"
    }, 
    {
        "date": "1579268103", 
        "tid": "14383262", 
        "price": "119867000", 
        "type": "sell", 
        "amount": "0.00912844"
    }, 
    {
        "date": "1579267970", 
        "tid": "14383261", 
        "price": "119867000", 
        "type": "sell", 
        "amount": "0.01743546"
    }, 
    {
        "date": "1579267953", 
        "tid": "14383260", 
        "price": "119867000", 
        "type": "sell", 
        "amount": "0.00606032"
    }, 
    {
        "date": "1579267697", 
        "tid": "14383259", 
        "price": "119867000", 
        "type": "sell", 
        "amount": "0.00172512"
    }, 
    {
        "date": "1579267607", 
        "tid": "14383258", 
        "price": "119861000", 
        "type": "sell", 
        "amount": "0.24434349"
    }, 
    {
        "date": "1579267565", 
        "tid": "14383257", 
        "price": "119855000", 
        "type": "sell", 
        "amount": "0.31907885"
    }, 
    {
        "date": "1579267565", 
        "tid": "14383256", 
        "price": "119867000", 
        "type": "sell", 
        "amount": "0.23192115"
    }, 
    {
        "date": "1579267526", 
        "tid": "14383255", 
        "price": "119868000", 
        "type": "buy", 
        "amount": "0.07014408"
    }, 
    {
        "date": "1579267508", 
        "tid": "14383254", 
        "price": "119868000", 
        "type": "buy", 
        "amount": "0.01153108"
    }, 
    {
        "date": "1579267473", 
        "tid": "14383253", 
        "price": "119868000", 
        "type": "buy", 
        "amount": "0.06321344"
    }, 
    {
        "date": "1579267472", 
        "tid": "14383252", 
        "price": "119868000", 
        "type": "buy", 
        "amount": "0.14028815"
    }, 
    {
        "date": "1579267432", 
        "tid": "14383251", 
        "price": "119868000", 
        "type": "buy", 
        "amount": "0.01164458"
    }, 
    {
        "date": "1579267315", 
        "tid": "14383250", 
        "price": "119867000", 
        "type": "sell", 
        "amount": "0.00479907"
    }, 
    {
        "date": "1579267313", 
        "tid": "14383249", 
        "price": "119867000", 
        "type": "sell", 
        "amount": "0.00149513"
    }, 
    {
        "date": "1579267292", 
        "tid": "14383248", 
        "price": "119867000", 
        "type": "sell", 
        "amount": "0.00099977"
    }, 
    {
        "date": "1579267247", 
        "tid": "14383247", 
        "price": "119868000", 
        "type": "buy", 
        "amount": "0.04158778"
    }, 
    {
        "date": "1579267216", 
        "tid": "14383246", 
        "price": "119868000", 
        "type": "buy", 
        "amount": "0.00427248"
    }, 
    {
        "date": "1579267175", 
        "tid": "14383245", 
        "price": "119867000", 
        "type": "buy", 
        "amount": "0.09825889"
    }, 
    {
        "date": "1579267174", 
        "tid": "14383244", 
        "price": "119867000", 
        "type": "sell", 
        "amount": "0.00174111"
    }, 
    {
        "date": "1579267139", 
        "tid": "14383243", 
        "price": "119854000", 
        "type": "sell", 
        "amount": "0.00016898"
    }, 
    {
        "date": "1579267139", 
        "tid": "14383242", 
        "price": "119855000", 
        "type": "sell", 
        "amount": "0.00596744"
    }, 
    {
        "date": "1579267139", 
        "tid": "14383241", 
        "price": "119856000", 
        "type": "sell", 
        "amount": "0.02093391"
    }, 
    {
        "date": "1579267020", 
        "tid": "14383240", 
        "price": "119856000", 
        "type": "sell", 
        "amount": "0.00583739"
    }, 
    {
        "date": "1579267012", 
        "tid": "14383239", 
        "price": "119866000", 
        "type": "sell", 
        "amount": "0.00004295"
    }, 
    {
        "date": "1579267012", 
        "tid": "14383238", 
        "price": "119867000", 
        "type": "sell", 
        "amount": "0.01459949"
    }, 
    {
        "date": "1579266840", 
        "tid": "14383237", 
        "price": "119868000", 
        "type": "buy", 
        "amount": "0.00415878"
    }, 
    {
        "date": "1579266817", 
        "tid": "14383236", 
        "price": "119868000", 
        "type": "buy", 
        "amount": "0.00202672"
    }, 
    {
        "date": "1579266767", 
        "tid": "14383235", 
        "price": "119868000", 
        "type": "buy", 
        "amount": "0.02603547"
    }, 
    {
        "date": "1579266754", 
        "tid": "14383234", 
        "price": "119868000", 
        "type": "buy", 
        "amount": "0.03741623"
    }, 
    {
        "date": "1579266739", 
        "tid": "14383233", 
        "price": "119868000", 
        "type": "buy", 
        "amount": "0.00282257"
    }, 
    {
        "date": "1579266739", 
        "tid": "14383232", 
        "price": "119867000", 
        "type": "buy", 
        "amount": "0.00123333"
    }, 
    {
        "date": "1579266732", 
        "tid": "14383231", 
        "price": "119867000", 
        "type": "buy", 
        "amount": "0.03952123"
    }, 
    {
        "date": "1579266719", 
        "tid": "14383230", 
        "price": "119855000", 
        "type": "sell", 
        "amount": "0.00430965"
    }, 
    {
        "date": "1579266684", 
        "tid": "14383229", 
        "price": "119868000", 
        "type": "buy", 
        "amount": "0.00158758"
    }, 
    {
        "date": "1579266684", 
        "tid": "14383228", 
        "price": "119867000", 
        "type": "buy", 
        "amount": "0.00090685"
    }, 
    {
        "date": "1579266668", 
        "tid": "14383227", 
        "price": "119855000", 
        "type": "sell", 
        "amount": "0.00054600"
    }, 
    {
        "date": "1579266652", 
        "tid": "14383226", 
        "price": "119868000", 
        "type": "buy", 
        "amount": "0.02411529"
    }, 
    {
        "date": "1579266652", 
        "tid": "14383225", 
        "price": "119867000", 
        "type": "buy", 
        "amount": "0.00090685"
    }, 
    {
        "date": "1579266577", 
        "tid": "14383224", 
        "price": "119867000", 
        "type": "buy", 
        "amount": "0.00080681"
    }, 
    {
        "date": "1579266572", 
        "tid": "14383223", 
        "price": "119868000", 
        "type": "buy", 
        "amount": "0.00060764"
    }, 
    {
        "date": "1579266572", 
        "tid": "14383222", 
        "price": "119867000", 
        "type": "buy", 
        "amount": "0.00090685"
    }, 
    {
        "date": "1579266543", 
        "tid": "14383221", 
        "price": "119868000", 
        "type": "buy", 
        "amount": "0.00332242"
    }, 
    {
        "date": "1579266538", 
        "tid": "14383220", 
        "price": "119867000", 
        "type": "buy", 
        "amount": "0.00090685"
    }, 
    {
        "date": "1579266480", 
        "tid": "14383219", 
        "price": "119854000", 
        "type": "sell", 
        "amount": "0.00900673"
    }, 
    {
        "date": "1579266376", 
        "tid": "14383218", 
        "price": "119852000", 
        "type": "sell", 
        "amount": "0.00564102"
    }, 
    {
        "date": "1579266325", 
        "tid": "14383217", 
        "price": "119868000", 
        "type": "buy", 
        "amount": "0.00325194"
    }, 
    {
        "date": "1579266325", 
        "tid": "14383216", 
        "price": "119867000", 
        "type": "buy", 
        "amount": "0.00090685"
    }, 
    {
        "date": "1579266284", 
        "tid": "14383215", 
        "price": "119868000", 
        "type": "buy", 
        "amount": "0.00281111"
    }, 
    {
        "date": "1579266284", 
        "tid": "14383214", 
        "price": "119867000", 
        "type": "buy", 
        "amount": "0.00090685"
    }, 
    {
        "date": "1579266137", 
        "tid": "14383213", 
        "price": "119851000", 
        "type": "buy", 
        "amount": "0.00089037"
    }, 
    {
        "date": "1579266121", 
        "tid": "14383212", 
        "price": "119850000", 
        "type": "sell", 
        "amount": "0.00194112"
    }, 
    {
        "date": "1579266121", 
        "tid": "14383211", 
        "price": "119851000", 
        "type": "sell", 
        "amount": "0.00227391"
    }, 
    {
        "date": "1579266085", 
        "tid": "14383210", 
        "price": "119851000", 
        "type": "sell", 
        "amount": "0.03486954"
    }, 
    {
        "date": "1579266076", 
        "tid": "14383209", 
        "price": "119851000", 
        "type": "sell", 
        "amount": "0.04329990"
    }, 
    {
        "date": "1579266010", 
        "tid": "14383208", 
        "price": "119851000", 
        "type": "buy", 
        "amount": "0.04991244"
    }, 
    {
        "date": "1579266008", 
        "tid": "14383207", 
        "price": "119850000", 
        "type": "sell", 
        "amount": "0.01000000"
    }, 
    {
        "date": "1579265926", 
        "tid": "14383206", 
        "price": "119850000", 
        "type": "sell", 
        "amount": "0.17798179"
    }, 
    {
        "date": "1579265878", 
        "tid": "14383205", 
        "price": "119995000", 
        "type": "buy", 
        "amount": "0.00553922"
    }, 
    {
        "date": "1579265877", 
        "tid": "14383204", 
        "price": "119850000", 
        "type": "sell", 
        "amount": "0.20000000"
    }, 
    {
        "date": "1579265869", 
        "tid": "14383203", 
        "price": "119850000", 
        "type": "sell", 
        "amount": "0.25613232"
    }, 
    {
        "date": "1579265869", 
        "tid": "14383202", 
        "price": "119857000", 
        "type": "sell", 
        "amount": "0.00356301"
    }, 
    {
        "date": "1579265869", 
        "tid": "14383201", 
        "price": "119858000", 
        "type": "sell", 
        "amount": "0.00426277"
    }, 
    {
        "date": "1579265869", 
        "tid": "14383200", 
        "price": "119859000", 
        "type": "sell", 
        "amount": "0.00298391"
    }, 
    {
        "date": "1579265869", 
        "tid": "14383199", 
        "price": "119860000", 
        "type": "sell", 
        "amount": "0.14305799"
    }, 
    {
        "date": "1579265853", 
        "tid": "14383198", 
        "price": "119860000", 
        "type": "sell", 
        "amount": "0.00374269"
    }, 
    {
        "date": "1579265853", 
        "tid": "14383197", 
        "price": "119995000", 
        "type": "sell", 
        "amount": "0.00063049"
    }, 
    {
        "date": "1579265849", 
        "tid": "14383196", 
        "price": "119860000", 
        "type": "sell", 
        "amount": "0.05449315"
    }, 
    {
        "date": "1579265849", 
        "tid": "14383195", 
        "price": "119996000", 
        "type": "sell", 
        "amount": "0.04550685"
    }, 
    {
        "date": "1579265845", 
        "tid": "14383194", 
        "price": "119996000", 
        "type": "sell", 
        "amount": "0.00435763"
    }, 
    {
        "date": "1579265842", 
        "tid": "14383193", 
        "price": "119996000", 
        "type": "sell", 
        "amount": "0.04000000"
    }, 
    {
        "date": "1579265835", 
        "tid": "14383192", 
        "price": "119996000", 
        "type": "buy", 
        "amount": "0.07886477"
    }, 
    {
        "date": "1579265824", 
        "tid": "14383191", 
        "price": "119860000", 
        "type": "sell", 
        "amount": "0.00265920"
    }, 
    {
        "date": "1579265824", 
        "tid": "14383190", 
        "price": "119870000", 
        "type": "sell", 
        "amount": "0.00507885"
    }, 
    {
        "date": "1579265793", 
        "tid": "14383189", 
        "price": "119870000", 
        "type": "sell", 
        "amount": "0.00773563"
    }, 
    {
        "date": "1579265741", 
        "tid": "14383188", 
        "price": "119856000", 
        "type": "sell", 
        "amount": "0.00301131"
    }, 
    {
        "date": "1579265709", 
        "tid": "14383187", 
        "price": "119856000", 
        "type": "buy", 
        "amount": "0.03630025"
    }, 
    {
        "date": "1579265708", 
        "tid": "14383186", 
        "price": "119715000", 
        "type": "sell", 
        "amount": "0.00086528"
    }, 
    {
        "date": "1579265683", 
        "tid": "14383185", 
        "price": "119856000", 
        "type": "buy", 
        "amount": "0.00249551"
    }, 
    {
        "date": "1579265673", 
        "tid": "14383184", 
        "price": "119716000", 
        "type": "sell", 
        "amount": "0.62389777"
    }, 
    {
        "date": "1579265673", 
        "tid": "14383183", 
        "price": "119750000", 
        "type": "sell", 
        "amount": "0.00050471"
    }, 
    {
        "date": "1579265673", 
        "tid": "14383182", 
        "price": "119794000", 
        "type": "sell", 
        "amount": "0.26351450"
    }, 
    {
        "date": "1579265673", 
        "tid": "14383181", 
        "price": "119795000", 
        "type": "sell", 
        "amount": "0.00244473"
    }, 
    {
        "date": "1579265673", 
        "tid": "14383180", 
        "price": "119800000", 
        "type": "sell", 
        "amount": "0.17320533"
    }, 
    {
        "date": "1579265673", 
        "tid": "14383179", 
        "price": "119802000", 
        "type": "sell", 
        "amount": "0.08347106"
    }, 
    {
        "date": "1579265673", 
        "tid": "14383178", 
        "price": "119803000", 
        "type": "sell", 
        "amount": "0.18539263"
    }, 
    {
        "date": "1579265673", 
        "tid": "14383177", 
        "price": "119804000", 
        "type": "sell", 
        "amount": "0.02504090"
    }, 
    {
        "date": "1579265673", 
        "tid": "14383176", 
        "price": "119840000", 
        "type": "sell", 
        "amount": "0.00081680"
    }, 
    {
        "date": "1579265673", 
        "tid": "14383175", 
        "price": "119850000", 
        "type": "sell", 
        "amount": "0.04647792"
    }, 
    {
        "date": "1579265630", 
        "tid": "14383174", 
        "price": "119850000", 
        "type": "sell", 
        "amount": "0.00441165"
    }, 
    {
        "date": "1579265630", 
        "tid": "14383173", 
        "price": "119855000", 
        "type": "sell", 
        "amount": "0.00332703"
    }, 
    {
        "date": "1579265625", 
        "tid": "14383172", 
        "price": "119855000", 
        "type": "sell", 
        "amount": "0.00475150"
    }, 
    {
        "date": "1579265587", 
        "tid": "14383171", 
        "price": "119855000", 
        "type": "sell", 
        "amount": "0.09025963"
    }, 
    {
        "date": "1579265509", 
        "tid": "14383170", 
        "price": "119855000", 
        "type": "sell", 
        "amount": "0.00041564"
    }, 
    {
        "date": "1579265477", 
        "tid": "14383169", 
        "price": "119855000", 
        "type": "sell", 
        "amount": "0.01336032"
    }, 
    {
        "date": "1579265477", 
        "tid": "14383168", 
        "price": "119936000", 
        "type": "sell", 
        "amount": "0.01809424"
    }, 
    {
        "date": "1579265477", 
        "tid": "14383167", 
        "price": "119938000", 
        "type": "sell", 
        "amount": "0.01854544"
    }, 
    {
        "date": "1579265471", 
        "tid": "14383166", 
        "price": "119938000", 
        "type": "sell", 
        "amount": "0.00363294"
    }, 
    {
        "date": "1579265457", 
        "tid": "14383165", 
        "price": "120004000", 
        "type": "buy", 
        "amount": "0.00902524"
    }, 
    {
        "date": "1579265433", 
        "tid": "14383164", 
        "price": "119936000", 
        "type": "sell", 
        "amount": "0.01167711"
    }, 
    {
        "date": "1579265402", 
        "tid": "14383163", 
        "price": "119999000", 
        "type": "buy", 
        "amount": "0.04459434"
    }, 
    {
        "date": "1579265402", 
        "tid": "14383162", 
        "price": "119998000", 
        "type": "buy", 
        "amount": "0.00110231"
    }, 
    {
        "date": "1579265400", 
        "tid": "14383161", 
        "price": "119999000", 
        "type": "buy", 
        "amount": "0.00380774"
    }, 
    {
        "date": "1579265384", 
        "tid": "14383160", 
        "price": "120002000", 
        "type": "buy", 
        "amount": "0.00207707"
    }, 
    {
        "date": "1579265350", 
        "tid": "14383159", 
        "price": "119936000", 
        "type": "sell", 
        "amount": "0.02814604"
    }, 
    {
        "date": "1579265350", 
        "tid": "14383158", 
        "price": "119940000", 
        "type": "sell", 
        "amount": "0.00652429"
    }, 
    {
        "date": "1579265348", 
        "tid": "14383157", 
        "price": "119940000", 
        "type": "sell", 
        "amount": "0.01198624"
    }, 
    {
        "date": "1579265348", 
        "tid": "14383156", 
        "price": "119945000", 
        "type": "sell", 
        "amount": "0.02217709"
    }, 
    {
        "date": "1579265348", 
        "tid": "14383155", 
        "price": "119960000", 
        "type": "sell", 
        "amount": "0.00583667"
    }, 
    {
        "date": "1579265344", 
        "tid": "14383154", 
        "price": "119960000", 
        "type": "sell", 
        "amount": "0.00048191"
    }, 
    {
        "date": "1579265288", 
        "tid": "14383153", 
        "price": "120030000", 
        "type": "buy", 
        "amount": "0.00082931"
    }, 
    {
        "date": "1579265288", 
        "tid": "14383152", 
        "price": "120001000", 
        "type": "buy", 
        "amount": "0.00166666"
    }, 
    {
        "date": "1579265288", 
        "tid": "14383151", 
        "price": "120000000", 
        "type": "buy", 
        "amount": "0.02997440"
    }, 
    {
        "date": "1579265288", 
        "tid": "14383150", 
        "price": "119999000", 
        "type": "buy", 
        "amount": "0.00244472"
    }, 
    {
        "date": "1579265288", 
        "tid": "14383149", 
        "price": "119941000", 
        "type": "buy", 
        "amount": "0.60112200"
    }
]