[
    {
        "date": "1579322622", 
        "tid": "14385591", 
        "price": "120115000", 
        "type": "sell", 
        "amount": "0.25051095"
    }, 
    {
        "date": "1579322614", 
        "tid": "14385590", 
        "price": "120119000", 
        "type": "buy", 
        "amount": "0.00503942"
    }, 
    {
        "date": "1579322613", 
        "tid": "14385589", 
        "price": "120115000", 
        "type": "sell", 
        "amount": "0.19448626"
    }, 
    {
        "date": "1579322602", 
        "tid": "14385588", 
        "price": "120115000", 
        "type": "sell", 
        "amount": "0.00551442"
    }, 
    {
        "date": "1579322598", 
        "tid": "14385587", 
        "price": "120122000", 
        "type": "buy", 
        "amount": "0.19341974"
    }, 
    {
        "date": "1579322598", 
        "tid": "14385586", 
        "price": "120122000", 
        "type": "sell", 
        "amount": "0.01830616"
    }, 
    {
        "date": "1579322592", 
        "tid": "14385585", 
        "price": "120132000", 
        "type": "buy", 
        "amount": "0.01491093"
    }, 
    {
        "date": "1579322590", 
        "tid": "14385584", 
        "price": "120132000", 
        "type": "sell", 
        "amount": "0.00244245"
    }, 
    {
        "date": "1579322584", 
        "tid": "14385583", 
        "price": "120150000", 
        "type": "sell", 
        "amount": "0.40436249"
    }, 
    {
        "date": "1579322580", 
        "tid": "14385582", 
        "price": "120151000", 
        "type": "buy", 
        "amount": "0.00674014"
    }, 
    {
        "date": "1579322576", 
        "tid": "14385581", 
        "price": "120152000", 
        "type": "buy", 
        "amount": "0.08185444"
    }, 
    {
        "date": "1579322575", 
        "tid": "14385580", 
        "price": "120152000", 
        "type": "sell", 
        "amount": "0.01179311"
    }, 
    {
        "date": "1579322569", 
        "tid": "14385579", 
        "price": "120191000", 
        "type": "buy", 
        "amount": "0.01490362"
    }, 
    {
        "date": "1579322561", 
        "tid": "14385578", 
        "price": "120152000", 
        "type": "sell", 
        "amount": "0.00523892"
    }, 
    {
        "date": "1579322561", 
        "tid": "14385577", 
        "price": "120163000", 
        "type": "sell", 
        "amount": "0.00244244"
    }, 
    {
        "date": "1579322561", 
        "tid": "14385576", 
        "price": "120166000", 
        "type": "sell", 
        "amount": "0.00112199"
    }, 
    {
        "date": "1579322561", 
        "tid": "14385575", 
        "price": "120169000", 
        "type": "sell", 
        "amount": "0.00421885"
    }, 
    {
        "date": "1579322561", 
        "tid": "14385574", 
        "price": "120190000", 
        "type": "sell", 
        "amount": "0.00950011"
    }, 
    {
        "date": "1579322559", 
        "tid": "14385573", 
        "price": "120193000", 
        "type": "sell", 
        "amount": "0.00244246"
    }, 
    {
        "date": "1579322554", 
        "tid": "14385572", 
        "price": "120199000", 
        "type": "buy", 
        "amount": "0.03569292"
    }, 
    {
        "date": "1579322551", 
        "tid": "14385571", 
        "price": "120199000", 
        "type": "sell", 
        "amount": "0.00544577"
    }, 
    {
        "date": "1579322547", 
        "tid": "14385570", 
        "price": "120200000", 
        "type": "sell", 
        "amount": "0.10399334"
    }, 
    {
        "date": "1579322541", 
        "tid": "14385569", 
        "price": "120202000", 
        "type": "sell", 
        "amount": "0.01780571"
    }, 
    {
        "date": "1579322531", 
        "tid": "14385568", 
        "price": "120224000", 
        "type": "sell", 
        "amount": "0.00244245"
    }, 
    {
        "date": "1579322523", 
        "tid": "14385567", 
        "price": "120231000", 
        "type": "sell", 
        "amount": "0.00501988"
    }, 
    {
        "date": "1579322485", 
        "tid": "14385566", 
        "price": "120247000", 
        "type": "buy", 
        "amount": "0.01567685"
    }, 
    {
        "date": "1579322473", 
        "tid": "14385565", 
        "price": "120250000", 
        "type": "sell", 
        "amount": "1.03014038"
    }, 
    {
        "date": "1579322468", 
        "tid": "14385564", 
        "price": "120251000", 
        "type": "sell", 
        "amount": "0.03869818"
    }, 
    {
        "date": "1579322459", 
        "tid": "14385563", 
        "price": "120254000", 
        "type": "sell", 
        "amount": "0.02700905"
    }, 
    {
        "date": "1579322439", 
        "tid": "14385562", 
        "price": "120254000", 
        "type": "sell", 
        "amount": "0.00867762"
    }, 
    {
        "date": "1579322423", 
        "tid": "14385561", 
        "price": "120307000", 
        "type": "buy", 
        "amount": "0.00098141"
    }, 
    {
        "date": "1579322420", 
        "tid": "14385560", 
        "price": "120254000", 
        "type": "sell", 
        "amount": "0.00589199"
    }, 
    {
        "date": "1579322420", 
        "tid": "14385559", 
        "price": "120255000", 
        "type": "sell", 
        "amount": "0.00910801"
    }, 
    {
        "date": "1579322345", 
        "tid": "14385558", 
        "price": "120310000", 
        "type": "buy", 
        "amount": "0.00493962"
    }, 
    {
        "date": "1579322339", 
        "tid": "14385557", 
        "price": "120310000", 
        "type": "buy", 
        "amount": "0.00086808"
    }, 
    {
        "date": "1579322293", 
        "tid": "14385556", 
        "price": "120310000", 
        "type": "buy", 
        "amount": "0.00236649"
    }, 
    {
        "date": "1579322293", 
        "tid": "14385555", 
        "price": "120309000", 
        "type": "buy", 
        "amount": "0.00049874"
    }, 
    {
        "date": "1579322112", 
        "tid": "14385554", 
        "price": "120255000", 
        "type": "sell", 
        "amount": "0.00165010"
    }, 
    {
        "date": "1579322112", 
        "tid": "14385553", 
        "price": "120267000", 
        "type": "sell", 
        "amount": "0.00044033"
    }, 
    {
        "date": "1579322112", 
        "tid": "14385552", 
        "price": "120285000", 
        "type": "sell", 
        "amount": "0.00006960"
    }, 
    {
        "date": "1579322110", 
        "tid": "14385551", 
        "price": "120285000", 
        "type": "sell", 
        "amount": "0.00237285"
    }, 
    {
        "date": "1579322110", 
        "tid": "14385550", 
        "price": "120309000", 
        "type": "sell", 
        "amount": "0.00030064"
    }, 
    {
        "date": "1579322074", 
        "tid": "14385549", 
        "price": "120310000", 
        "type": "buy", 
        "amount": "0.00248610"
    }, 
    {
        "date": "1579322068", 
        "tid": "14385548", 
        "price": "120309000", 
        "type": "sell", 
        "amount": "0.00094615"
    }, 
    {
        "date": "1579322068", 
        "tid": "14385547", 
        "price": "120316000", 
        "type": "sell", 
        "amount": "0.00244245"
    }, 
    {
        "date": "1579322068", 
        "tid": "14385546", 
        "price": "120330000", 
        "type": "sell", 
        "amount": "0.00074469"
    }, 
    {
        "date": "1579322067", 
        "tid": "14385545", 
        "price": "120345000", 
        "type": "buy", 
        "amount": "0.01956126"
    }, 
    {
        "date": "1579322055", 
        "tid": "14385544", 
        "price": "120346000", 
        "type": "sell", 
        "amount": "0.00244246"
    }, 
    {
        "date": "1579322041", 
        "tid": "14385543", 
        "price": "120351000", 
        "type": "sell", 
        "amount": "0.00067889"
    }, 
    {
        "date": "1579322031", 
        "tid": "14385542", 
        "price": "120353000", 
        "type": "sell", 
        "amount": "0.00115350"
    }, 
    {
        "date": "1579322011", 
        "tid": "14385541", 
        "price": "120370000", 
        "type": "sell", 
        "amount": "0.00256593"
    }, 
    {
        "date": "1579321994", 
        "tid": "14385540", 
        "price": "120377000", 
        "type": "sell", 
        "amount": "0.00244245"
    }, 
    {
        "date": "1579321986", 
        "tid": "14385539", 
        "price": "120384000", 
        "type": "sell", 
        "amount": "0.00053670"
    }, 
    {
        "date": "1579321978", 
        "tid": "14385538", 
        "price": "120392000", 
        "type": "sell", 
        "amount": "0.00112200"
    }, 
    {
        "date": "1579321959", 
        "tid": "14385537", 
        "price": "120399000", 
        "type": "sell", 
        "amount": "0.03874629"
    }, 
    {
        "date": "1579321956", 
        "tid": "14385536", 
        "price": "120400000", 
        "type": "sell", 
        "amount": "0.04568105"
    }, 
    {
        "date": "1579321940", 
        "tid": "14385535", 
        "price": "120404000", 
        "type": "sell", 
        "amount": "0.00475222"
    }, 
    {
        "date": "1579321923", 
        "tid": "14385534", 
        "price": "120408000", 
        "type": "sell", 
        "amount": "0.54209121"
    }, 
    {
        "date": "1579321920", 
        "tid": "14385533", 
        "price": "120409000", 
        "type": "sell", 
        "amount": "0.04152513"
    }, 
    {
        "date": "1579321809", 
        "tid": "14385532", 
        "price": "120408000", 
        "type": "sell", 
        "amount": "0.00125013"
    }, 
    {
        "date": "1579321738", 
        "tid": "14385531", 
        "price": "120410000", 
        "type": "buy", 
        "amount": "0.00279029"
    }, 
    {
        "date": "1579321715", 
        "tid": "14385530", 
        "price": "120410000", 
        "type": "sell", 
        "amount": "0.03367418"
    }, 
    {
        "date": "1579321700", 
        "tid": "14385529", 
        "price": "120410000", 
        "type": "sell", 
        "amount": "0.00278861"
    }, 
    {
        "date": "1579321680", 
        "tid": "14385528", 
        "price": "120410000", 
        "type": "sell", 
        "amount": "0.01340385"
    }, 
    {
        "date": "1579321680", 
        "tid": "14385527", 
        "price": "120426000", 
        "type": "sell", 
        "amount": "0.05812698"
    }, 
    {
        "date": "1579321680", 
        "tid": "14385526", 
        "price": "120428000", 
        "type": "sell", 
        "amount": "0.03740251"
    }, 
    {
        "date": "1579321680", 
        "tid": "14385525", 
        "price": "120433000", 
        "type": "sell", 
        "amount": "0.00122708"
    }, 
    {
        "date": "1579321680", 
        "tid": "14385524", 
        "price": "120436000", 
        "type": "sell", 
        "amount": "0.00415158"
    }, 
    {
        "date": "1579321680", 
        "tid": "14385523", 
        "price": "120438000", 
        "type": "sell", 
        "amount": "0.00244246"
    }, 
    {
        "date": "1579321680", 
        "tid": "14385522", 
        "price": "120469000", 
        "type": "sell", 
        "amount": "0.00020641"
    }, 
    {
        "date": "1579321680", 
        "tid": "14385521", 
        "price": "120475000", 
        "type": "sell", 
        "amount": "0.01245070"
    }, 
    {
        "date": "1579321643", 
        "tid": "14385520", 
        "price": "120480000", 
        "type": "sell", 
        "amount": "0.05077786"
    }, 
    {
        "date": "1579321606", 
        "tid": "14385519", 
        "price": "120480000", 
        "type": "sell", 
        "amount": "0.00103055"
    }, 
    {
        "date": "1579321600", 
        "tid": "14385518", 
        "price": "120500000", 
        "type": "sell", 
        "amount": "0.08680782"
    }, 
    {
        "date": "1579321594", 
        "tid": "14385517", 
        "price": "120521000", 
        "type": "sell", 
        "amount": "0.01306463"
    }, 
    {
        "date": "1579321594", 
        "tid": "14385516", 
        "price": "120530000", 
        "type": "sell", 
        "amount": "0.00841581"
    }, 
    {
        "date": "1579321581", 
        "tid": "14385515", 
        "price": "120530000", 
        "type": "sell", 
        "amount": "0.00264618"
    }, 
    {
        "date": "1579321562", 
        "tid": "14385514", 
        "price": "120530000", 
        "type": "sell", 
        "amount": "0.00161319"
    }, 
    {
        "date": "1579321560", 
        "tid": "14385513", 
        "price": "120549000", 
        "type": "buy", 
        "amount": "0.00413528"
    }, 
    {
        "date": "1579321554", 
        "tid": "14385512", 
        "price": "120550000", 
        "type": "sell", 
        "amount": "0.01734152"
    }, 
    {
        "date": "1579321546", 
        "tid": "14385511", 
        "price": "120553000", 
        "type": "sell", 
        "amount": "0.29032873"
    }, 
    {
        "date": "1579321542", 
        "tid": "14385510", 
        "price": "120559000", 
        "type": "buy", 
        "amount": "0.00148858"
    }, 
    {
        "date": "1579321538", 
        "tid": "14385509", 
        "price": "120560000", 
        "type": "buy", 
        "amount": "0.00736013"
    }, 
    {
        "date": "1579321538", 
        "tid": "14385508", 
        "price": "120560000", 
        "type": "buy", 
        "amount": "0.00413491"
    }, 
    {
        "date": "1579321532", 
        "tid": "14385507", 
        "price": "120561000", 
        "type": "sell", 
        "amount": "0.00244244"
    }, 
    {
        "date": "1579321515", 
        "tid": "14385506", 
        "price": "120564000", 
        "type": "buy", 
        "amount": "0.00181929"
    }, 
    {
        "date": "1579321510", 
        "tid": "14385505", 
        "price": "120565000", 
        "type": "buy", 
        "amount": "0.00917911"
    }, 
    {
        "date": "1579321506", 
        "tid": "14385504", 
        "price": "120565000", 
        "type": "sell", 
        "amount": "0.00074470"
    }, 
    {
        "date": "1579321504", 
        "tid": "14385503", 
        "price": "120566000", 
        "type": "sell", 
        "amount": "0.04835465"
    }, 
    {
        "date": "1579321504", 
        "tid": "14385502", 
        "price": "120573000", 
        "type": "sell", 
        "amount": "0.00829373"
    }, 
    {
        "date": "1579321504", 
        "tid": "14385501", 
        "price": "120575000", 
        "type": "sell", 
        "amount": "0.00564637"
    }, 
    {
        "date": "1579321491", 
        "tid": "14385500", 
        "price": "120590000", 
        "type": "sell", 
        "amount": "0.00794178"
    }, 
    {
        "date": "1579321489", 
        "tid": "14385499", 
        "price": "120590000", 
        "type": "sell", 
        "amount": "0.00043777"
    }, 
    {
        "date": "1579321485", 
        "tid": "14385498", 
        "price": "120590000", 
        "type": "sell", 
        "amount": "0.00083386"
    }, 
    {
        "date": "1579321433", 
        "tid": "14385497", 
        "price": "120591000", 
        "type": "buy", 
        "amount": "0.01653537"
    }, 
    {
        "date": "1579321366", 
        "tid": "14385496", 
        "price": "120590000", 
        "type": "sell", 
        "amount": "0.04888480"
    }, 
    {
        "date": "1579321366", 
        "tid": "14385495", 
        "price": "120591000", 
        "type": "sell", 
        "amount": "0.00111520"
    }, 
    {
        "date": "1579321366", 
        "tid": "14385494", 
        "price": "120591000", 
        "type": "sell", 
        "amount": "0.00132726"
    }, 
    {
        "date": "1579321366", 
        "tid": "14385493", 
        "price": "120622000", 
        "type": "sell", 
        "amount": "0.00244245"
    }, 
    {
        "date": "1579321366", 
        "tid": "14385492", 
        "price": "120653000", 
        "type": "sell", 
        "amount": "0.00244245"
    }, 
    {
        "date": "1579321337", 
        "tid": "14385491", 
        "price": "120667000", 
        "type": "buy", 
        "amount": "0.00042139"
    }, 
    {
        "date": "1579321328", 
        "tid": "14385490", 
        "price": "120684000", 
        "type": "buy", 
        "amount": "0.00917006"
    }, 
    {
        "date": "1579321319", 
        "tid": "14385489", 
        "price": "120684000", 
        "type": "buy", 
        "amount": "0.02313169"
    }, 
    {
        "date": "1579321316", 
        "tid": "14385488", 
        "price": "120684000", 
        "type": "buy", 
        "amount": "0.00569672"
    }, 
    {
        "date": "1579321303", 
        "tid": "14385487", 
        "price": "120684000", 
        "type": "buy", 
        "amount": "0.00917006"
    }, 
    {
        "date": "1579321278", 
        "tid": "14385486", 
        "price": "120684000", 
        "type": "buy", 
        "amount": "0.00917006"
    }, 
    {
        "date": "1579321264", 
        "tid": "14385485", 
        "price": "120684000", 
        "type": "buy", 
        "amount": "0.00917006"
    }, 
    {
        "date": "1579321261", 
        "tid": "14385484", 
        "price": "120684000", 
        "type": "buy", 
        "amount": "0.00917006"
    }, 
    {
        "date": "1579321245", 
        "tid": "14385483", 
        "price": "120684000", 
        "type": "buy", 
        "amount": "0.00042133"
    }, 
    {
        "date": "1579321241", 
        "tid": "14385482", 
        "price": "120684000", 
        "type": "buy", 
        "amount": "0.00708595"
    }, 
    {
        "date": "1579321241", 
        "tid": "14385481", 
        "price": "120683000", 
        "type": "buy", 
        "amount": "0.00117539"
    }, 
    {
        "date": "1579321236", 
        "tid": "14385480", 
        "price": "120683000", 
        "type": "buy", 
        "amount": "0.00042133"
    }, 
    {
        "date": "1579321228", 
        "tid": "14385479", 
        "price": "120683000", 
        "type": "buy", 
        "amount": "0.00042133"
    }, 
    {
        "date": "1579321226", 
        "tid": "14385478", 
        "price": "120683000", 
        "type": "buy", 
        "amount": "0.00170012"
    }, 
    {
        "date": "1579321226", 
        "tid": "14385477", 
        "price": "120653000", 
        "type": "buy", 
        "amount": "0.00053059"
    }, 
    {
        "date": "1579321221", 
        "tid": "14385476", 
        "price": "120653000", 
        "type": "buy", 
        "amount": "0.00119410"
    }, 
    {
        "date": "1579321221", 
        "tid": "14385475", 
        "price": "120622000", 
        "type": "buy", 
        "amount": "0.00244245"
    }, 
    {
        "date": "1579321132", 
        "tid": "14385474", 
        "price": "120590000", 
        "type": "buy", 
        "amount": "0.04295492"
    }, 
    {
        "date": "1579321132", 
        "tid": "14385473", 
        "price": "120576000", 
        "type": "buy", 
        "amount": "0.00043383"
    }, 
    {
        "date": "1579321025", 
        "tid": "14385472", 
        "price": "120590000", 
        "type": "sell", 
        "amount": "0.04146280"
    }, 
    {
        "date": "1579321025", 
        "tid": "14385471", 
        "price": "120591000", 
        "type": "sell", 
        "amount": "0.00146478"
    }, 
    {
        "date": "1579320949", 
        "tid": "14385470", 
        "price": "120591000", 
        "type": "sell", 
        "amount": "0.00097768"
    }, 
    {
        "date": "1579320880", 
        "tid": "14385469", 
        "price": "120575000", 
        "type": "sell", 
        "amount": "0.00564725"
    }, 
    {
        "date": "1579320880", 
        "tid": "14385468", 
        "price": "120642000", 
        "type": "sell", 
        "amount": "0.00042273"
    }, 
    {
        "date": "1579320864", 
        "tid": "14385467", 
        "price": "120653000", 
        "type": "buy", 
        "amount": "0.00071776"
    }, 
    {
        "date": "1579320864", 
        "tid": "14385466", 
        "price": "120622000", 
        "type": "buy", 
        "amount": "0.00244245"
    }, 
    {
        "date": "1579320864", 
        "tid": "14385465", 
        "price": "120600000", 
        "type": "buy", 
        "amount": "0.00208026"
    }, 
    {
        "date": "1579320859", 
        "tid": "14385464", 
        "price": "120575000", 
        "type": "sell", 
        "amount": "0.02717096"
    }, 
    {
        "date": "1579320859", 
        "tid": "14385463", 
        "price": "120591000", 
        "type": "sell", 
        "amount": "0.00187078"
    }, 
    {
        "date": "1579320858", 
        "tid": "14385462", 
        "price": "120592000", 
        "type": "buy", 
        "amount": "0.00165352"
    }, 
    {
        "date": "1579320845", 
        "tid": "14385461", 
        "price": "120591000", 
        "type": "sell", 
        "amount": "0.00057168"
    }, 
    {
        "date": "1579320827", 
        "tid": "14385460", 
        "price": "120617000", 
        "type": "sell", 
        "amount": "0.00112200"
    }, 
    {
        "date": "1579320811", 
        "tid": "14385459", 
        "price": "120619000", 
        "type": "sell", 
        "amount": "0.00256591"
    }, 
    {
        "date": "1579320811", 
        "tid": "14385458", 
        "price": "120622000", 
        "type": "sell", 
        "amount": "0.00244245"
    }, 
    {
        "date": "1579320788", 
        "tid": "14385457", 
        "price": "120653000", 
        "type": "sell", 
        "amount": "0.00141514"
    }, 
    {
        "date": "1579320758", 
        "tid": "14385456", 
        "price": "120653000", 
        "type": "sell", 
        "amount": "0.00591571"
    }, 
    {
        "date": "1579320758", 
        "tid": "14385455", 
        "price": "120656000", 
        "type": "sell", 
        "amount": "0.00414401"
    }, 
    {
        "date": "1579320736", 
        "tid": "14385454", 
        "price": "120683000", 
        "type": "sell", 
        "amount": "0.00002882"
    }, 
    {
        "date": "1579320720", 
        "tid": "14385453", 
        "price": "120684000", 
        "type": "buy", 
        "amount": "0.00042133"
    }, 
    {
        "date": "1579320650", 
        "tid": "14385452", 
        "price": "120714000", 
        "type": "sell", 
        "amount": "0.00244245"
    }, 
    {
        "date": "1579320650", 
        "tid": "14385451", 
        "price": "120744000", 
        "type": "sell", 
        "amount": "0.00010351"
    }, 
    {
        "date": "1579320591", 
        "tid": "14385450", 
        "price": "120744000", 
        "type": "sell", 
        "amount": "0.00233895"
    }, 
    {
        "date": "1579320549", 
        "tid": "14385449", 
        "price": "120805000", 
        "type": "buy", 
        "amount": "0.86667958"
    }, 
    {
        "date": "1579320549", 
        "tid": "14385448", 
        "price": "120778000", 
        "type": "buy", 
        "amount": "0.57773224"
    }, 
    {
        "date": "1579320517", 
        "tid": "14385447", 
        "price": "120776000", 
        "type": "buy", 
        "amount": "0.08350838"
    }, 
    {
        "date": "1579320517", 
        "tid": "14385446", 
        "price": "120769000", 
        "type": "buy", 
        "amount": "1.36120000"
    }, 
    {
        "date": "1579320509", 
        "tid": "14385445", 
        "price": "120775000", 
        "type": "sell", 
        "amount": "0.00227043"
    }, 
    {
        "date": "1579320508", 
        "tid": "14385444", 
        "price": "120775000", 
        "type": "sell", 
        "amount": "0.00100000"
    }, 
    {
        "date": "1579320483", 
        "tid": "14385443", 
        "price": "120776000", 
        "type": "sell", 
        "amount": "0.01453585"
    }, 
    {
        "date": "1579320430", 
        "tid": "14385442", 
        "price": "120777000", 
        "type": "sell", 
        "amount": "0.00100000"
    }
]