[
    {
        "date": "1579400547", 
        "tid": "14389350", 
        "price": "123599000", 
        "type": "sell", 
        "amount": "0.00045672"
    }, 
    {
        "date": "1579400543", 
        "tid": "14389349", 
        "price": "123622000", 
        "type": "buy", 
        "amount": "0.00039060"
    }, 
    {
        "date": "1579400543", 
        "tid": "14389348", 
        "price": "123603000", 
        "type": "buy", 
        "amount": "0.00002073"
    }, 
    {
        "date": "1579400536", 
        "tid": "14389347", 
        "price": "123599000", 
        "type": "sell", 
        "amount": "0.03216590"
    }, 
    {
        "date": "1579400534", 
        "tid": "14389346", 
        "price": "123603000", 
        "type": "buy", 
        "amount": "0.00050570"
    }, 
    {
        "date": "1579400524", 
        "tid": "14389345", 
        "price": "123599000", 
        "type": "buy", 
        "amount": "0.26368049"
    }, 
    {
        "date": "1579400524", 
        "tid": "14389344", 
        "price": "123577000", 
        "type": "buy", 
        "amount": "0.02063506"
    }, 
    {
        "date": "1579400524", 
        "tid": "14389343", 
        "price": "123571000", 
        "type": "buy", 
        "amount": "0.00246508"
    }, 
    {
        "date": "1579400524", 
        "tid": "14389342", 
        "price": "123557000", 
        "type": "buy", 
        "amount": "0.00044034"
    }, 
    {
        "date": "1579400524", 
        "tid": "14389341", 
        "price": "123553000", 
        "type": "buy", 
        "amount": "0.00077960"
    }, 
    {
        "date": "1579400524", 
        "tid": "14389340", 
        "price": "123550000", 
        "type": "buy", 
        "amount": "0.00026082"
    }, 
    {
        "date": "1579400521", 
        "tid": "14389339", 
        "price": "123550000", 
        "type": "buy", 
        "amount": "0.01495513"
    }, 
    {
        "date": "1579400509", 
        "tid": "14389338", 
        "price": "123550000", 
        "type": "buy", 
        "amount": "0.00131942"
    }, 
    {
        "date": "1579400509", 
        "tid": "14389337", 
        "price": "123544000", 
        "type": "buy", 
        "amount": "0.00049780"
    }, 
    {
        "date": "1579400509", 
        "tid": "14389336", 
        "price": "123541000", 
        "type": "buy", 
        "amount": "0.00067890"
    }, 
    {
        "date": "1579400509", 
        "tid": "14389335", 
        "price": "123531000", 
        "type": "buy", 
        "amount": "0.00180273"
    }, 
    {
        "date": "1579400509", 
        "tid": "14389334", 
        "price": "123501000", 
        "type": "buy", 
        "amount": "0.00048656"
    }, 
    {
        "date": "1579400494", 
        "tid": "14389333", 
        "price": "123500000", 
        "type": "sell", 
        "amount": "0.05000000"
    }, 
    {
        "date": "1579400452", 
        "tid": "14389332", 
        "price": "123501000", 
        "type": "buy", 
        "amount": "0.00199402"
    }, 
    {
        "date": "1579400449", 
        "tid": "14389331", 
        "price": "123500000", 
        "type": "buy", 
        "amount": "0.00009898"
    }, 
    {
        "date": "1579400448", 
        "tid": "14389330", 
        "price": "123500000", 
        "type": "buy", 
        "amount": "0.00697906"
    }, 
    {
        "date": "1579400389", 
        "tid": "14389329", 
        "price": "123499000", 
        "type": "sell", 
        "amount": "0.00434975"
    }, 
    {
        "date": "1579400379", 
        "tid": "14389328", 
        "price": "123500000", 
        "type": "buy", 
        "amount": "0.16145894"
    }, 
    {
        "date": "1579400369", 
        "tid": "14389327", 
        "price": "123500000", 
        "type": "buy", 
        "amount": "0.04537259"
    }, 
    {
        "date": "1579400324", 
        "tid": "14389326", 
        "price": "123500000", 
        "type": "buy", 
        "amount": "0.01614589"
    }, 
    {
        "date": "1579400321", 
        "tid": "14389325", 
        "price": "123499000", 
        "type": "sell", 
        "amount": "0.00307431"
    }, 
    {
        "date": "1579400318", 
        "tid": "14389324", 
        "price": "123500000", 
        "type": "buy", 
        "amount": "0.00239173"
    }, 
    {
        "date": "1579400272", 
        "tid": "14389323", 
        "price": "123500000", 
        "type": "buy", 
        "amount": "0.00118910"
    }, 
    {
        "date": "1579400271", 
        "tid": "14389322", 
        "price": "123500000", 
        "type": "buy", 
        "amount": "0.00718349"
    }, 
    {
        "date": "1579400261", 
        "tid": "14389321", 
        "price": "123500000", 
        "type": "buy", 
        "amount": "0.00183765"
    }, 
    {
        "date": "1579400252", 
        "tid": "14389320", 
        "price": "123500000", 
        "type": "buy", 
        "amount": "0.00622570"
    }, 
    {
        "date": "1579400244", 
        "tid": "14389319", 
        "price": "123500000", 
        "type": "buy", 
        "amount": "0.00718350"
    }, 
    {
        "date": "1579400241", 
        "tid": "14389318", 
        "price": "123500000", 
        "type": "buy", 
        "amount": "0.00068774"
    }, 
    {
        "date": "1579400211", 
        "tid": "14389317", 
        "price": "123431000", 
        "type": "sell", 
        "amount": "0.00114565"
    }, 
    {
        "date": "1579400211", 
        "tid": "14389316", 
        "price": "123499000", 
        "type": "sell", 
        "amount": "0.04858338"
    }, 
    {
        "date": "1579400203", 
        "tid": "14389315", 
        "price": "123500000", 
        "type": "buy", 
        "amount": "0.01522178"
    }, 
    {
        "date": "1579400195", 
        "tid": "14389314", 
        "price": "123500000", 
        "type": "buy", 
        "amount": "0.03353841"
    }, 
    {
        "date": "1579400176", 
        "tid": "14389313", 
        "price": "123500000", 
        "type": "buy", 
        "amount": "2.19235685"
    }, 
    {
        "date": "1579400158", 
        "tid": "14389312", 
        "price": "123500000", 
        "type": "buy", 
        "amount": "0.00165021"
    }, 
    {
        "date": "1579400102", 
        "tid": "14389311", 
        "price": "123500000", 
        "type": "buy", 
        "amount": "1.90141031"
    }, 
    {
        "date": "1579400102", 
        "tid": "14389310", 
        "price": "123499000", 
        "type": "buy", 
        "amount": "0.09859049"
    }, 
    {
        "date": "1579400102", 
        "tid": "14389309", 
        "price": "123499000", 
        "type": "buy", 
        "amount": "0.00722460"
    }, 
    {
        "date": "1579400097", 
        "tid": "14389308", 
        "price": "123499000", 
        "type": "buy", 
        "amount": "0.00229137"
    }, 
    {
        "date": "1579400096", 
        "tid": "14389307", 
        "price": "123452000", 
        "type": "sell", 
        "amount": "0.00193900"
    }, 
    {
        "date": "1579400093", 
        "tid": "14389306", 
        "price": "123499000", 
        "type": "buy", 
        "amount": "0.00066147"
    }, 
    {
        "date": "1579400093", 
        "tid": "14389305", 
        "price": "123469000", 
        "type": "buy", 
        "amount": "0.00540464"
    }, 
    {
        "date": "1579400085", 
        "tid": "14389304", 
        "price": "123469000", 
        "type": "buy", 
        "amount": "0.00718530"
    }, 
    {
        "date": "1579400067", 
        "tid": "14389303", 
        "price": "123469000", 
        "type": "buy", 
        "amount": "0.07400066"
    }, 
    {
        "date": "1579400055", 
        "tid": "14389302", 
        "price": "123451000", 
        "type": "buy", 
        "amount": "0.00061780"
    }, 
    {
        "date": "1579400052", 
        "tid": "14389301", 
        "price": "123469000", 
        "type": "buy", 
        "amount": "0.05551398"
    }, 
    {
        "date": "1579400051", 
        "tid": "14389300", 
        "price": "123469000", 
        "type": "buy", 
        "amount": "0.04090314"
    }, 
    {
        "date": "1579400040", 
        "tid": "14389299", 
        "price": "123498000", 
        "type": "sell", 
        "amount": "0.07867916"
    }, 
    {
        "date": "1579400033", 
        "tid": "14389298", 
        "price": "123499000", 
        "type": "buy", 
        "amount": "0.05619512"
    }, 
    {
        "date": "1579400030", 
        "tid": "14389297", 
        "price": "123499000", 
        "type": "buy", 
        "amount": "0.00598205"
    }, 
    {
        "date": "1579400025", 
        "tid": "14389296", 
        "price": "123499000", 
        "type": "buy", 
        "amount": "0.00718355"
    }, 
    {
        "date": "1579400021", 
        "tid": "14389295", 
        "price": "123499000", 
        "type": "buy", 
        "amount": "0.06389467"
    }, 
    {
        "date": "1579400018", 
        "tid": "14389294", 
        "price": "123499000", 
        "type": "buy", 
        "amount": "0.00815293"
    }, 
    {
        "date": "1579400018", 
        "tid": "14389293", 
        "price": "123469000", 
        "type": "buy", 
        "amount": "0.00631552"
    }, 
    {
        "date": "1579400010", 
        "tid": "14389292", 
        "price": "123469000", 
        "type": "buy", 
        "amount": "0.01468448"
    }, 
    {
        "date": "1579400010", 
        "tid": "14389291", 
        "price": "123451000", 
        "type": "buy", 
        "amount": "0.00130934"
    }, 
    {
        "date": "1579399985", 
        "tid": "14389290", 
        "price": "123499000", 
        "type": "buy", 
        "amount": "0.00403651"
    }, 
    {
        "date": "1579399982", 
        "tid": "14389289", 
        "price": "123499000", 
        "type": "buy", 
        "amount": "0.03646990"
    }, 
    {
        "date": "1579399977", 
        "tid": "14389288", 
        "price": "123450000", 
        "type": "sell", 
        "amount": "0.01998127"
    }, 
    {
        "date": "1579399975", 
        "tid": "14389287", 
        "price": "123499000", 
        "type": "buy", 
        "amount": "0.00226536"
    }, 
    {
        "date": "1579399975", 
        "tid": "14389286", 
        "price": "123469000", 
        "type": "buy", 
        "amount": "0.00390809"
    }, 
    {
        "date": "1579399975", 
        "tid": "14389285", 
        "price": "123451000", 
        "type": "buy", 
        "amount": "0.00081983"
    }, 
    {
        "date": "1579399967", 
        "tid": "14389284", 
        "price": "123469000", 
        "type": "buy", 
        "amount": "0.03236120"
    }, 
    {
        "date": "1579399959", 
        "tid": "14389283", 
        "price": "123469000", 
        "type": "buy", 
        "amount": "0.00456916"
    }, 
    {
        "date": "1579399951", 
        "tid": "14389282", 
        "price": "123469000", 
        "type": "buy", 
        "amount": "0.01172901"
    }, 
    {
        "date": "1579399951", 
        "tid": "14389281", 
        "price": "123468000", 
        "type": "buy", 
        "amount": "0.00047209"
    }, 
    {
        "date": "1579399948", 
        "tid": "14389280", 
        "price": "123468000", 
        "type": "buy", 
        "amount": "0.00080751"
    }, 
    {
        "date": "1579399926", 
        "tid": "14389279", 
        "price": "123410000", 
        "type": "buy", 
        "amount": "0.41403532"
    }, 
    {
        "date": "1579399916", 
        "tid": "14389278", 
        "price": "123410000", 
        "type": "buy", 
        "amount": "0.00508005"
    }, 
    {
        "date": "1579399906", 
        "tid": "14389277", 
        "price": "123410000", 
        "type": "buy", 
        "amount": "0.00158345"
    }, 
    {
        "date": "1579399900", 
        "tid": "14389276", 
        "price": "123410000", 
        "type": "buy", 
        "amount": "0.05585849"
    }, 
    {
        "date": "1579399886", 
        "tid": "14389275", 
        "price": "123410000", 
        "type": "buy", 
        "amount": "0.05982054"
    }, 
    {
        "date": "1579399883", 
        "tid": "14389274", 
        "price": "123410000", 
        "type": "buy", 
        "amount": "0.59022931"
    }, 
    {
        "date": "1579399856", 
        "tid": "14389273", 
        "price": "123410000", 
        "type": "sell", 
        "amount": "0.00508265"
    }, 
    {
        "date": "1579399803", 
        "tid": "14389272", 
        "price": "123410000", 
        "type": "buy", 
        "amount": "0.00239754"
    }, 
    {
        "date": "1579399768", 
        "tid": "14389271", 
        "price": "123408000", 
        "type": "buy", 
        "amount": "0.00718885"
    }, 
    {
        "date": "1579399763", 
        "tid": "14389270", 
        "price": "123408000", 
        "type": "buy", 
        "amount": "0.00041203"
    }, 
    {
        "date": "1579399754", 
        "tid": "14389269", 
        "price": "123408000", 
        "type": "buy", 
        "amount": "0.00718886"
    }, 
    {
        "date": "1579399734", 
        "tid": "14389268", 
        "price": "123408000", 
        "type": "buy", 
        "amount": "0.04039482"
    }, 
    {
        "date": "1579399729", 
        "tid": "14389267", 
        "price": "123408000", 
        "type": "buy", 
        "amount": "0.00718885"
    }, 
    {
        "date": "1579399719", 
        "tid": "14389266", 
        "price": "123408000", 
        "type": "buy", 
        "amount": "0.00718885"
    }, 
    {
        "date": "1579399711", 
        "tid": "14389265", 
        "price": "123408000", 
        "type": "buy", 
        "amount": "0.00718886"
    }, 
    {
        "date": "1579399703", 
        "tid": "14389264", 
        "price": "123408000", 
        "type": "buy", 
        "amount": "0.00718885"
    }, 
    {
        "date": "1579399689", 
        "tid": "14389263", 
        "price": "123351000", 
        "type": "buy", 
        "amount": "0.01066799"
    }, 
    {
        "date": "1579399686", 
        "tid": "14389262", 
        "price": "123351000", 
        "type": "sell", 
        "amount": "0.18396462"
    }, 
    {
        "date": "1579399679", 
        "tid": "14389261", 
        "price": "123410000", 
        "type": "buy", 
        "amount": "0.00131750"
    }, 
    {
        "date": "1579399679", 
        "tid": "14389260", 
        "price": "123383000", 
        "type": "buy", 
        "amount": "0.00174761"
    }, 
    {
        "date": "1579399679", 
        "tid": "14389259", 
        "price": "123381000", 
        "type": "buy", 
        "amount": "0.00412500"
    }, 
    {
        "date": "1579399677", 
        "tid": "14389258", 
        "price": "123309000", 
        "type": "buy", 
        "amount": "0.02420360"
    }, 
    {
        "date": "1579399677", 
        "tid": "14389257", 
        "price": "123305000", 
        "type": "buy", 
        "amount": "0.29788959"
    }, 
    {
        "date": "1579399664", 
        "tid": "14389256", 
        "price": "123305000", 
        "type": "buy", 
        "amount": "0.00719485"
    }, 
    {
        "date": "1579399654", 
        "tid": "14389255", 
        "price": "123305000", 
        "type": "buy", 
        "amount": "0.00719485"
    }, 
    {
        "date": "1579399643", 
        "tid": "14389254", 
        "price": "123305000", 
        "type": "buy", 
        "amount": "0.00191863"
    }, 
    {
        "date": "1579399639", 
        "tid": "14389253", 
        "price": "123305000", 
        "type": "buy", 
        "amount": "0.01214513"
    }, 
    {
        "date": "1579399618", 
        "tid": "14389252", 
        "price": "123305000", 
        "type": "buy", 
        "amount": "0.00719485"
    }, 
    {
        "date": "1579399605", 
        "tid": "14389251", 
        "price": "123304000", 
        "type": "sell", 
        "amount": "0.09143055"
    }, 
    {
        "date": "1579399598", 
        "tid": "14389250", 
        "price": "123305000", 
        "type": "buy", 
        "amount": "0.00719485"
    }, 
    {
        "date": "1579399590", 
        "tid": "14389249", 
        "price": "123305000", 
        "type": "buy", 
        "amount": "0.00719485"
    }, 
    {
        "date": "1579399587", 
        "tid": "14389248", 
        "price": "123305000", 
        "type": "buy", 
        "amount": "0.04042857"
    }, 
    {
        "date": "1579399584", 
        "tid": "14389247", 
        "price": "123305000", 
        "type": "buy", 
        "amount": "0.00240145"
    }, 
    {
        "date": "1579399561", 
        "tid": "14389246", 
        "price": "123382000", 
        "type": "buy", 
        "amount": "0.00719036"
    }, 
    {
        "date": "1579399560", 
        "tid": "14389245", 
        "price": "123382000", 
        "type": "sell", 
        "amount": "0.10917959"
    }, 
    {
        "date": "1579399518", 
        "tid": "14389244", 
        "price": "123421000", 
        "type": "sell", 
        "amount": "0.15559999"
    }, 
    {
        "date": "1579399518", 
        "tid": "14389243", 
        "price": "123468000", 
        "type": "sell", 
        "amount": "0.00515337"
    }, 
    {
        "date": "1579399506", 
        "tid": "14389242", 
        "price": "123468000", 
        "type": "sell", 
        "amount": "0.02368081"
    }, 
    {
        "date": "1579399501", 
        "tid": "14389241", 
        "price": "123468000", 
        "type": "sell", 
        "amount": "0.13598584"
    }, 
    {
        "date": "1579399378", 
        "tid": "14389240", 
        "price": "123469000", 
        "type": "buy", 
        "amount": "0.10830856"
    }, 
    {
        "date": "1579399368", 
        "tid": "14389239", 
        "price": "123469000", 
        "type": "buy", 
        "amount": "0.04406207"
    }, 
    {
        "date": "1579399335", 
        "tid": "14389238", 
        "price": "123500000", 
        "type": "buy", 
        "amount": "0.00814009"
    }, 
    {
        "date": "1579399330", 
        "tid": "14389237", 
        "price": "123500000", 
        "type": "buy", 
        "amount": "0.06524805"
    }, 
    {
        "date": "1579399330", 
        "tid": "14389236", 
        "price": "123499000", 
        "type": "buy", 
        "amount": "0.09170494"
    }, 
    {
        "date": "1579399330", 
        "tid": "14389235", 
        "price": "123490000", 
        "type": "buy", 
        "amount": "0.01017435"
    }, 
    {
        "date": "1579399330", 
        "tid": "14389234", 
        "price": "123489000", 
        "type": "buy", 
        "amount": "0.19194705"
    }, 
    {
        "date": "1579399330", 
        "tid": "14389233", 
        "price": "123469000", 
        "type": "buy", 
        "amount": "0.00274423"
    }, 
    {
        "date": "1579399274", 
        "tid": "14389232", 
        "price": "123489000", 
        "type": "buy", 
        "amount": "0.00615675"
    }, 
    {
        "date": "1579399263", 
        "tid": "14389231", 
        "price": "123468000", 
        "type": "sell", 
        "amount": "0.01002548"
    }, 
    {
        "date": "1579399235", 
        "tid": "14389230", 
        "price": "123468000", 
        "type": "sell", 
        "amount": "0.05000000"
    }, 
    {
        "date": "1579399231", 
        "tid": "14389229", 
        "price": "123468000", 
        "type": "buy", 
        "amount": "0.00077960"
    }, 
    {
        "date": "1579399231", 
        "tid": "14389228", 
        "price": "123382000", 
        "type": "buy", 
        "amount": "0.00077960"
    }, 
    {
        "date": "1579399231", 
        "tid": "14389227", 
        "price": "123298000", 
        "type": "buy", 
        "amount": "0.00011757"
    }, 
    {
        "date": "1579399228", 
        "tid": "14389226", 
        "price": "123251000", 
        "type": "sell", 
        "amount": "0.00080000"
    }, 
    {
        "date": "1579399218", 
        "tid": "14389225", 
        "price": "123298000", 
        "type": "buy", 
        "amount": "0.02492522"
    }, 
    {
        "date": "1579399215", 
        "tid": "14389224", 
        "price": "123298000", 
        "type": "buy", 
        "amount": "0.00238270"
    }, 
    {
        "date": "1579399215", 
        "tid": "14389223", 
        "price": "123250000", 
        "type": "buy", 
        "amount": "0.00049560"
    }, 
    {
        "date": "1579399201", 
        "tid": "14389222", 
        "price": "123250000", 
        "type": "buy", 
        "amount": "0.00199402"
    }, 
    {
        "date": "1579399186", 
        "tid": "14389221", 
        "price": "123298000", 
        "type": "buy", 
        "amount": "0.00328233"
    }, 
    {
        "date": "1579399186", 
        "tid": "14389220", 
        "price": "123250000", 
        "type": "buy", 
        "amount": "0.00076107"
    }, 
    {
        "date": "1579399165", 
        "tid": "14389219", 
        "price": "123249000", 
        "type": "sell", 
        "amount": "0.00601185"
    }, 
    {
        "date": "1579399155", 
        "tid": "14389218", 
        "price": "123249000", 
        "type": "sell", 
        "amount": "0.00065187"
    }, 
    {
        "date": "1579399153", 
        "tid": "14389217", 
        "price": "123250000", 
        "type": "buy", 
        "amount": "0.00080893"
    }, 
    {
        "date": "1579399126", 
        "tid": "14389216", 
        "price": "123249000", 
        "type": "sell", 
        "amount": "0.00061928"
    }, 
    {
        "date": "1579399050", 
        "tid": "14389215", 
        "price": "123297000", 
        "type": "buy", 
        "amount": "0.00052178"
    }, 
    {
        "date": "1579399045", 
        "tid": "14389214", 
        "price": "123249000", 
        "type": "sell", 
        "amount": "0.06077376"
    }, 
    {
        "date": "1579399045", 
        "tid": "14389213", 
        "price": "123250000", 
        "type": "sell", 
        "amount": "0.00050471"
    }, 
    {
        "date": "1579399045", 
        "tid": "14389212", 
        "price": "123297000", 
        "type": "sell", 
        "amount": "0.01684653"
    }, 
    {
        "date": "1579399003", 
        "tid": "14389211", 
        "price": "123298000", 
        "type": "buy", 
        "amount": "0.01554601"
    }, 
    {
        "date": "1579398982", 
        "tid": "14389210", 
        "price": "123298000", 
        "type": "buy", 
        "amount": "0.00404309"
    }, 
    {
        "date": "1579398946", 
        "tid": "14389209", 
        "price": "123340000", 
        "type": "buy", 
        "amount": "0.18552256"
    }, 
    {
        "date": "1579398941", 
        "tid": "14389208", 
        "price": "123297000", 
        "type": "sell", 
        "amount": "0.00598539"
    }, 
    {
        "date": "1579398941", 
        "tid": "14389207", 
        "price": "123310000", 
        "type": "sell", 
        "amount": "0.00405482"
    }, 
    {
        "date": "1579398939", 
        "tid": "14389206", 
        "price": "123382000", 
        "type": "sell", 
        "amount": "0.00077960"
    }, 
    {
        "date": "1579398939", 
        "tid": "14389205", 
        "price": "123399000", 
        "type": "sell", 
        "amount": "0.00165136"
    }, 
    {
        "date": "1579398939", 
        "tid": "14389204", 
        "price": "123401000", 
        "type": "sell", 
        "amount": "0.00162073"
    }, 
    {
        "date": "1579398939", 
        "tid": "14389203", 
        "price": "123411000", 
        "type": "sell", 
        "amount": "0.00040830"
    }, 
    {
        "date": "1579398939", 
        "tid": "14389202", 
        "price": "123412000", 
        "type": "sell", 
        "amount": "0.12154409"
    }, 
    {
        "date": "1579398939", 
        "tid": "14389201", 
        "price": "123413000", 
        "type": "sell", 
        "amount": "0.09311247"
    }
]