[
    {
        "date": "1579328375", 
        "tid": "14385828", 
        "price": "119850000", 
        "type": "sell", 
        "amount": "0.00111510"
    }, 
    {
        "date": "1579328375", 
        "tid": "14385827", 
        "price": "119857000", 
        "type": "sell", 
        "amount": "0.00244245"
    }, 
    {
        "date": "1579328375", 
        "tid": "14385826", 
        "price": "119887000", 
        "type": "sell", 
        "amount": "0.00244245"
    }, 
    {
        "date": "1579328345", 
        "tid": "14385825", 
        "price": "119936000", 
        "type": "buy", 
        "amount": "0.00010418"
    }, 
    {
        "date": "1579328345", 
        "tid": "14385824", 
        "price": "119918000", 
        "type": "buy", 
        "amount": "0.00244245"
    }, 
    {
        "date": "1579328345", 
        "tid": "14385823", 
        "price": "119887000", 
        "type": "buy", 
        "amount": "0.00244245"
    }, 
    {
        "date": "1579328324", 
        "tid": "14385822", 
        "price": "119848000", 
        "type": "sell", 
        "amount": "0.00730531"
    }, 
    {
        "date": "1579328324", 
        "tid": "14385821", 
        "price": "119849000", 
        "type": "sell", 
        "amount": "0.00166159"
    }, 
    {
        "date": "1579328318", 
        "tid": "14385820", 
        "price": "119849000", 
        "type": "sell", 
        "amount": "0.01096620"
    }, 
    {
        "date": "1579328236", 
        "tid": "14385819", 
        "price": "119845000", 
        "type": "sell", 
        "amount": "0.00500000"
    }, 
    {
        "date": "1579328211", 
        "tid": "14385818", 
        "price": "119845000", 
        "type": "sell", 
        "amount": "0.00164532"
    }, 
    {
        "date": "1579328210", 
        "tid": "14385817", 
        "price": "119845000", 
        "type": "sell", 
        "amount": "0.06294249"
    }, 
    {
        "date": "1579328158", 
        "tid": "14385816", 
        "price": "119845000", 
        "type": "sell", 
        "amount": "0.00965554"
    }, 
    {
        "date": "1579328108", 
        "tid": "14385815", 
        "price": "119845000", 
        "type": "sell", 
        "amount": "0.00040984"
    }, 
    {
        "date": "1579328108", 
        "tid": "14385814", 
        "price": "119857000", 
        "type": "sell", 
        "amount": "0.00244245"
    }, 
    {
        "date": "1579328108", 
        "tid": "14385813", 
        "price": "119858000", 
        "type": "sell", 
        "amount": "0.00074469"
    }, 
    {
        "date": "1579328108", 
        "tid": "14385812", 
        "price": "119873000", 
        "type": "sell", 
        "amount": "0.00256593"
    }, 
    {
        "date": "1579328108", 
        "tid": "14385811", 
        "price": "119887000", 
        "type": "sell", 
        "amount": "0.00244245"
    }, 
    {
        "date": "1579328108", 
        "tid": "14385810", 
        "price": "119890000", 
        "type": "sell", 
        "amount": "0.00417048"
    }, 
    {
        "date": "1579328108", 
        "tid": "14385809", 
        "price": "119893000", 
        "type": "sell", 
        "amount": "0.00058706"
    }, 
    {
        "date": "1579328108", 
        "tid": "14385808", 
        "price": "119900000", 
        "type": "sell", 
        "amount": "0.00619677"
    }, 
    {
        "date": "1579328108", 
        "tid": "14385807", 
        "price": "119901000", 
        "type": "sell", 
        "amount": "0.00044033"
    }, 
    {
        "date": "1579328103", 
        "tid": "14385806", 
        "price": "119909000", 
        "type": "sell", 
        "amount": "0.00054281"
    }, 
    {
        "date": "1579328081", 
        "tid": "14385805", 
        "price": "119918000", 
        "type": "sell", 
        "amount": "0.00244245"
    }, 
    {
        "date": "1579328081", 
        "tid": "14385804", 
        "price": "119919000", 
        "type": "buy", 
        "amount": "0.04157011"
    }, 
    {
        "date": "1579328054", 
        "tid": "14385803", 
        "price": "119931000", 
        "type": "sell", 
        "amount": "0.00185620"
    }, 
    {
        "date": "1579328051", 
        "tid": "14385802", 
        "price": "119935000", 
        "type": "buy", 
        "amount": "0.00041565"
    }, 
    {
        "date": "1579328042", 
        "tid": "14385801", 
        "price": "119935000", 
        "type": "sell", 
        "amount": "0.21952921"
    }, 
    {
        "date": "1579327989", 
        "tid": "14385800", 
        "price": "119936000", 
        "type": "buy", 
        "amount": "0.00415642"
    }, 
    {
        "date": "1579327969", 
        "tid": "14385799", 
        "price": "119948000", 
        "type": "sell", 
        "amount": "0.00244246"
    }, 
    {
        "date": "1579327949", 
        "tid": "14385798", 
        "price": "119978000", 
        "type": "sell", 
        "amount": "0.01021621"
    }, 
    {
        "date": "1579327944", 
        "tid": "14385797", 
        "price": "119979000", 
        "type": "buy", 
        "amount": "0.00415493"
    }, 
    {
        "date": "1579327927", 
        "tid": "14385796", 
        "price": "119979000", 
        "type": "sell", 
        "amount": "0.00916826"
    }, 
    {
        "date": "1579327841", 
        "tid": "14385795", 
        "price": "120003000", 
        "type": "buy", 
        "amount": "0.00087301"
    }, 
    {
        "date": "1579327841", 
        "tid": "14385794", 
        "price": "119979000", 
        "type": "buy", 
        "amount": "0.00244245"
    }, 
    {
        "date": "1579327808", 
        "tid": "14385793", 
        "price": "119935000", 
        "type": "sell", 
        "amount": "0.28074177"
    }, 
    {
        "date": "1579327808", 
        "tid": "14385792", 
        "price": "119936000", 
        "type": "sell", 
        "amount": "0.00270221"
    }, 
    {
        "date": "1579327808", 
        "tid": "14385791", 
        "price": "119948000", 
        "type": "sell", 
        "amount": "0.00244246"
    }, 
    {
        "date": "1579327808", 
        "tid": "14385790", 
        "price": "119950000", 
        "type": "sell", 
        "amount": "0.00147806"
    }, 
    {
        "date": "1579327808", 
        "tid": "14385789", 
        "price": "119979000", 
        "type": "sell", 
        "amount": "0.00244246"
    }, 
    {
        "date": "1579327808", 
        "tid": "14385788", 
        "price": "120000000", 
        "type": "sell", 
        "amount": "0.00083333"
    }, 
    {
        "date": "1579327808", 
        "tid": "14385787", 
        "price": "120002000", 
        "type": "sell", 
        "amount": "0.41665971"
    }, 
    {
        "date": "1579327808", 
        "tid": "14385786", 
        "price": "120010000", 
        "type": "sell", 
        "amount": "0.00244244"
    }, 
    {
        "date": "1579327808", 
        "tid": "14385785", 
        "price": "120011000", 
        "type": "sell", 
        "amount": "0.00272315"
    }, 
    {
        "date": "1579327787", 
        "tid": "14385784", 
        "price": "120040000", 
        "type": "sell", 
        "amount": "0.00244246"
    }, 
    {
        "date": "1579327779", 
        "tid": "14385783", 
        "price": "120044000", 
        "type": "buy", 
        "amount": "0.00122712"
    }, 
    {
        "date": "1579327756", 
        "tid": "14385782", 
        "price": "120050000", 
        "type": "sell", 
        "amount": "0.06294395"
    }, 
    {
        "date": "1579327754", 
        "tid": "14385781", 
        "price": "120051000", 
        "type": "buy", 
        "amount": "0.00166097"
    }, 
    {
        "date": "1579327700", 
        "tid": "14385780", 
        "price": "120050000", 
        "type": "sell", 
        "amount": "0.00103684"
    }, 
    {
        "date": "1579327634", 
        "tid": "14385779", 
        "price": "120050000", 
        "type": "sell", 
        "amount": "0.07722130"
    }, 
    {
        "date": "1579327634", 
        "tid": "14385778", 
        "price": "120071000", 
        "type": "sell", 
        "amount": "0.02311249"
    }, 
    {
        "date": "1579327616", 
        "tid": "14385777", 
        "price": "120071000", 
        "type": "sell", 
        "amount": "0.00270557"
    }, 
    {
        "date": "1579327575", 
        "tid": "14385776", 
        "price": "120094000", 
        "type": "buy", 
        "amount": "0.00422038"
    }, 
    {
        "date": "1579327575", 
        "tid": "14385775", 
        "price": "120072000", 
        "type": "buy", 
        "amount": "0.00065248"
    }, 
    {
        "date": "1579327572", 
        "tid": "14385774", 
        "price": "120050000", 
        "type": "sell", 
        "amount": "0.05159432"
    }, 
    {
        "date": "1579327572", 
        "tid": "14385773", 
        "price": "120071000", 
        "type": "sell", 
        "amount": "0.00840568"
    }, 
    {
        "date": "1579327552", 
        "tid": "14385772", 
        "price": "120094000", 
        "type": "buy", 
        "amount": "0.00080528"
    }, 
    {
        "date": "1579327481", 
        "tid": "14385771", 
        "price": "120091000", 
        "type": "buy", 
        "amount": "0.00249063"
    }, 
    {
        "date": "1579327475", 
        "tid": "14385770", 
        "price": "120093000", 
        "type": "buy", 
        "amount": "0.00301990"
    }, 
    {
        "date": "1579327447", 
        "tid": "14385769", 
        "price": "120098000", 
        "type": "sell", 
        "amount": "0.01665306"
    }, 
    {
        "date": "1579327425", 
        "tid": "14385768", 
        "price": "120099000", 
        "type": "sell", 
        "amount": "1.61072783"
    }, 
    {
        "date": "1579327415", 
        "tid": "14385767", 
        "price": "120099000", 
        "type": "sell", 
        "amount": "0.07304485"
    }, 
    {
        "date": "1579327280", 
        "tid": "14385766", 
        "price": "120099000", 
        "type": "sell", 
        "amount": "0.00114432"
    }, 
    {
        "date": "1579327265", 
        "tid": "14385765", 
        "price": "120099000", 
        "type": "sell", 
        "amount": "0.00565550"
    }, 
    {
        "date": "1579327230", 
        "tid": "14385764", 
        "price": "120100000", 
        "type": "buy", 
        "amount": "0.10033379"
    }, 
    {
        "date": "1579327150", 
        "tid": "14385763", 
        "price": "120099000", 
        "type": "sell", 
        "amount": "0.01564372"
    }, 
    {
        "date": "1579327125", 
        "tid": "14385762", 
        "price": "120099000", 
        "type": "sell", 
        "amount": "0.00236398"
    }, 
    {
        "date": "1579327099", 
        "tid": "14385761", 
        "price": "120099000", 
        "type": "sell", 
        "amount": "0.00326474"
    }, 
    {
        "date": "1579327040", 
        "tid": "14385760", 
        "price": "120100000", 
        "type": "buy", 
        "amount": "0.09034180"
    }, 
    {
        "date": "1579326950", 
        "tid": "14385759", 
        "price": "120100000", 
        "type": "buy", 
        "amount": "0.00788641"
    }, 
    {
        "date": "1579326817", 
        "tid": "14385758", 
        "price": "120100000", 
        "type": "buy", 
        "amount": "0.00083444"
    }, 
    {
        "date": "1579326756", 
        "tid": "14385757", 
        "price": "120099000", 
        "type": "sell", 
        "amount": "0.00054985"
    }, 
    {
        "date": "1579326750", 
        "tid": "14385756", 
        "price": "120100000", 
        "type": "buy", 
        "amount": "0.00041507"
    }, 
    {
        "date": "1579326647", 
        "tid": "14385755", 
        "price": "120100000", 
        "type": "buy", 
        "amount": "0.00830149"
    }, 
    {
        "date": "1579326623", 
        "tid": "14385754", 
        "price": "120071000", 
        "type": "sell", 
        "amount": "0.00082708"
    }, 
    {
        "date": "1579326564", 
        "tid": "14385753", 
        "price": "120100000", 
        "type": "buy", 
        "amount": "0.00041507"
    }, 
    {
        "date": "1579326515", 
        "tid": "14385752", 
        "price": "120100000", 
        "type": "buy", 
        "amount": "0.00066028"
    }, 
    {
        "date": "1579326515", 
        "tid": "14385751", 
        "price": "120099000", 
        "type": "buy", 
        "amount": "0.00058496"
    }, 
    {
        "date": "1579326510", 
        "tid": "14385750", 
        "price": "120071000", 
        "type": "sell", 
        "amount": "0.00000361"
    }, 
    {
        "date": "1579326510", 
        "tid": "14385749", 
        "price": "120072000", 
        "type": "sell", 
        "amount": "0.00832833"
    }, 
    {
        "date": "1579326430", 
        "tid": "14385748", 
        "price": "120071000", 
        "type": "buy", 
        "amount": "0.00034028"
    }, 
    {
        "date": "1579326223", 
        "tid": "14385747", 
        "price": "120050000", 
        "type": "sell", 
        "amount": "0.01242139"
    }, 
    {
        "date": "1579326144", 
        "tid": "14385746", 
        "price": "120071000", 
        "type": "buy", 
        "amount": "0.00064167"
    }, 
    {
        "date": "1579326144", 
        "tid": "14385745", 
        "price": "120070000", 
        "type": "buy", 
        "amount": "0.00357678"
    }, 
    {
        "date": "1579326137", 
        "tid": "14385744", 
        "price": "120050000", 
        "type": "sell", 
        "amount": "0.00080532"
    }, 
    {
        "date": "1579326043", 
        "tid": "14385743", 
        "price": "120011000", 
        "type": "buy", 
        "amount": "0.02012455"
    }, 
    {
        "date": "1579326037", 
        "tid": "14385742", 
        "price": "120011000", 
        "type": "buy", 
        "amount": "0.00205199"
    }, 
    {
        "date": "1579325985", 
        "tid": "14385741", 
        "price": "120071000", 
        "type": "buy", 
        "amount": "0.00042348"
    }, 
    {
        "date": "1579325984", 
        "tid": "14385740", 
        "price": "120071000", 
        "type": "buy", 
        "amount": "0.00103702"
    }, 
    {
        "date": "1579325984", 
        "tid": "14385739", 
        "price": "120040000", 
        "type": "buy", 
        "amount": "0.00078996"
    }, 
    {
        "date": "1579325920", 
        "tid": "14385738", 
        "price": "120010000", 
        "type": "sell", 
        "amount": "0.01275062"
    }, 
    {
        "date": "1579325887", 
        "tid": "14385737", 
        "price": "120040000", 
        "type": "buy", 
        "amount": "0.00042359"
    }, 
    {
        "date": "1579325875", 
        "tid": "14385736", 
        "price": "120040000", 
        "type": "buy", 
        "amount": "0.00042359"
    }, 
    {
        "date": "1579325868", 
        "tid": "14385735", 
        "price": "120040000", 
        "type": "buy", 
        "amount": "0.00080531"
    }, 
    {
        "date": "1579325815", 
        "tid": "14385734", 
        "price": "120010000", 
        "type": "buy", 
        "amount": "0.00190761"
    }, 
    {
        "date": "1579325768", 
        "tid": "14385733", 
        "price": "120010000", 
        "type": "buy", 
        "amount": "0.00053484"
    }, 
    {
        "date": "1579325768", 
        "tid": "14385732", 
        "price": "120008000", 
        "type": "buy", 
        "amount": "0.00041808"
    }, 
    {
        "date": "1579325768", 
        "tid": "14385731", 
        "price": "120007000", 
        "type": "buy", 
        "amount": "0.00137330"
    }, 
    {
        "date": "1579325764", 
        "tid": "14385730", 
        "price": "120007000", 
        "type": "buy", 
        "amount": "0.00013059"
    }, 
    {
        "date": "1579325764", 
        "tid": "14385729", 
        "price": "120000000", 
        "type": "buy", 
        "amount": "0.00100000"
    }, 
    {
        "date": "1579325764", 
        "tid": "14385728", 
        "price": "119979000", 
        "type": "buy", 
        "amount": "0.00244245"
    }, 
    {
        "date": "1579325728", 
        "tid": "14385727", 
        "price": "119931000", 
        "type": "sell", 
        "amount": "0.03530807"
    }, 
    {
        "date": "1579325664", 
        "tid": "14385726", 
        "price": "119931000", 
        "type": "buy", 
        "amount": "0.04776638"
    }, 
    {
        "date": "1579325642", 
        "tid": "14385725", 
        "price": "119922000", 
        "type": "sell", 
        "amount": "0.00058496"
    }, 
    {
        "date": "1579325631", 
        "tid": "14385724", 
        "price": "119931000", 
        "type": "buy", 
        "amount": "0.00116312"
    }, 
    {
        "date": "1579325494", 
        "tid": "14385723", 
        "price": "119931000", 
        "type": "buy", 
        "amount": "0.00048095"
    }, 
    {
        "date": "1579325466", 
        "tid": "14385722", 
        "price": "119920000", 
        "type": "sell", 
        "amount": "0.00406104"
    }, 
    {
        "date": "1579325463", 
        "tid": "14385721", 
        "price": "119921000", 
        "type": "sell", 
        "amount": "0.00833882"
    }, 
    {
        "date": "1579325458", 
        "tid": "14385720", 
        "price": "119922000", 
        "type": "sell", 
        "amount": "0.11483052"
    }, 
    {
        "date": "1579325408", 
        "tid": "14385719", 
        "price": "119922000", 
        "type": "sell", 
        "amount": "0.00113653"
    }, 
    {
        "date": "1579325215", 
        "tid": "14385718", 
        "price": "119921000", 
        "type": "sell", 
        "amount": "0.00076829"
    }, 
    {
        "date": "1579325211", 
        "tid": "14385717", 
        "price": "119922000", 
        "type": "sell", 
        "amount": "0.00041693"
    }, 
    {
        "date": "1579325202", 
        "tid": "14385716", 
        "price": "119925000", 
        "type": "buy", 
        "amount": "0.02494081"
    }, 
    {
        "date": "1579325184", 
        "tid": "14385715", 
        "price": "119929000", 
        "type": "buy", 
        "amount": "0.00042398"
    }, 
    {
        "date": "1579325181", 
        "tid": "14385714", 
        "price": "119930000", 
        "type": "sell", 
        "amount": "0.06103445"
    }, 
    {
        "date": "1579325177", 
        "tid": "14385713", 
        "price": "119930000", 
        "type": "sell", 
        "amount": "0.00123589"
    }, 
    {
        "date": "1579325170", 
        "tid": "14385712", 
        "price": "119930000", 
        "type": "sell", 
        "amount": "0.00126804"
    }, 
    {
        "date": "1579325150", 
        "tid": "14385711", 
        "price": "119931000", 
        "type": "buy", 
        "amount": "0.00054839"
    }, 
    {
        "date": "1579325134", 
        "tid": "14385710", 
        "price": "119931000", 
        "type": "buy", 
        "amount": "0.00045722"
    }, 
    {
        "date": "1579325068", 
        "tid": "14385709", 
        "price": "119931000", 
        "type": "buy", 
        "amount": "0.00044765"
    }, 
    {
        "date": "1579325032", 
        "tid": "14385708", 
        "price": "119931000", 
        "type": "buy", 
        "amount": "0.01351782"
    }, 
    {
        "date": "1579324997", 
        "tid": "14385707", 
        "price": "119931000", 
        "type": "buy", 
        "amount": "0.00494483"
    }, 
    {
        "date": "1579324967", 
        "tid": "14385706", 
        "price": "119948000", 
        "type": "sell", 
        "amount": "0.00244246"
    }, 
    {
        "date": "1579324959", 
        "tid": "14385705", 
        "price": "120007000", 
        "type": "buy", 
        "amount": "0.72449867"
    }, 
    {
        "date": "1579324959", 
        "tid": "14385704", 
        "price": "120000000", 
        "type": "buy", 
        "amount": "0.10000000"
    }, 
    {
        "date": "1579324959", 
        "tid": "14385703", 
        "price": "119998000", 
        "type": "buy", 
        "amount": "0.00630000"
    }, 
    {
        "date": "1579324954", 
        "tid": "14385702", 
        "price": "119995000", 
        "type": "buy", 
        "amount": "0.08225666"
    }, 
    {
        "date": "1579324941", 
        "tid": "14385701", 
        "price": "119998000", 
        "type": "buy", 
        "amount": "0.00480557"
    }, 
    {
        "date": "1579324941", 
        "tid": "14385700", 
        "price": "119979000", 
        "type": "buy", 
        "amount": "0.00470372"
    }, 
    {
        "date": "1579324898", 
        "tid": "14385699", 
        "price": "119979000", 
        "type": "buy", 
        "amount": "0.00042380"
    }, 
    {
        "date": "1579324873", 
        "tid": "14385698", 
        "price": "119930000", 
        "type": "sell", 
        "amount": "0.00224368"
    }, 
    {
        "date": "1579324844", 
        "tid": "14385697", 
        "price": "119994000", 
        "type": "sell", 
        "amount": "0.00150389"
    }, 
    {
        "date": "1579324840", 
        "tid": "14385696", 
        "price": "119997000", 
        "type": "buy", 
        "amount": "0.00041661"
    }, 
    {
        "date": "1579324834", 
        "tid": "14385695", 
        "price": "119930000", 
        "type": "sell", 
        "amount": "0.00259946"
    }, 
    {
        "date": "1579324834", 
        "tid": "14385694", 
        "price": "119948000", 
        "type": "sell", 
        "amount": "0.00244246"
    }, 
    {
        "date": "1579324834", 
        "tid": "14385693", 
        "price": "119978000", 
        "type": "sell", 
        "amount": "0.00062595"
    }, 
    {
        "date": "1579324802", 
        "tid": "14385692", 
        "price": "119994000", 
        "type": "buy", 
        "amount": "0.00457920"
    }, 
    {
        "date": "1579324802", 
        "tid": "14385691", 
        "price": "119979000", 
        "type": "buy", 
        "amount": "0.00244245"
    }, 
    {
        "date": "1579324767", 
        "tid": "14385690", 
        "price": "119930000", 
        "type": "sell", 
        "amount": "0.03524166"
    }, 
    {
        "date": "1579324767", 
        "tid": "14385689", 
        "price": "119932000", 
        "type": "sell", 
        "amount": "0.00703633"
    }, 
    {
        "date": "1579324767", 
        "tid": "14385688", 
        "price": "119933000", 
        "type": "sell", 
        "amount": "0.00416899"
    }, 
    {
        "date": "1579324767", 
        "tid": "14385687", 
        "price": "119941000", 
        "type": "sell", 
        "amount": "0.00112199"
    }, 
    {
        "date": "1579324767", 
        "tid": "14385686", 
        "price": "119948000", 
        "type": "sell", 
        "amount": "0.00244246"
    }, 
    {
        "date": "1579324767", 
        "tid": "14385685", 
        "price": "119979000", 
        "type": "sell", 
        "amount": "0.00244246"
    }, 
    {
        "date": "1579324759", 
        "tid": "14385684", 
        "price": "120000000", 
        "type": "sell", 
        "amount": "0.30665791"
    }, 
    {
        "date": "1579324751", 
        "tid": "14385683", 
        "price": "120002000", 
        "type": "buy", 
        "amount": "0.00957969"
    }, 
    {
        "date": "1579324737", 
        "tid": "14385682", 
        "price": "120000000", 
        "type": "sell", 
        "amount": "0.00045031"
    }, 
    {
        "date": "1579324714", 
        "tid": "14385681", 
        "price": "120001000", 
        "type": "sell", 
        "amount": "0.01489557"
    }, 
    {
        "date": "1579324713", 
        "tid": "14385680", 
        "price": "120002000", 
        "type": "sell", 
        "amount": "0.01850530"
    }, 
    {
        "date": "1579324692", 
        "tid": "14385679", 
        "price": "120008000", 
        "type": "buy", 
        "amount": "0.00957921"
    }
]