[
    {
        "date": "1579399201", 
        "tid": "14389222", 
        "price": "123250000", 
        "type": "buy", 
        "amount": "0.00199402"
    }, 
    {
        "date": "1579399186", 
        "tid": "14389221", 
        "price": "123298000", 
        "type": "buy", 
        "amount": "0.00328233"
    }, 
    {
        "date": "1579399186", 
        "tid": "14389220", 
        "price": "123250000", 
        "type": "buy", 
        "amount": "0.00076107"
    }, 
    {
        "date": "1579399165", 
        "tid": "14389219", 
        "price": "123249000", 
        "type": "sell", 
        "amount": "0.00601185"
    }, 
    {
        "date": "1579399155", 
        "tid": "14389218", 
        "price": "123249000", 
        "type": "sell", 
        "amount": "0.00065187"
    }, 
    {
        "date": "1579399153", 
        "tid": "14389217", 
        "price": "123250000", 
        "type": "buy", 
        "amount": "0.00080893"
    }, 
    {
        "date": "1579399126", 
        "tid": "14389216", 
        "price": "123249000", 
        "type": "sell", 
        "amount": "0.00061928"
    }, 
    {
        "date": "1579399050", 
        "tid": "14389215", 
        "price": "123297000", 
        "type": "buy", 
        "amount": "0.00052178"
    }, 
    {
        "date": "1579399045", 
        "tid": "14389214", 
        "price": "123249000", 
        "type": "sell", 
        "amount": "0.06077376"
    }, 
    {
        "date": "1579399045", 
        "tid": "14389213", 
        "price": "123250000", 
        "type": "sell", 
        "amount": "0.00050471"
    }, 
    {
        "date": "1579399045", 
        "tid": "14389212", 
        "price": "123297000", 
        "type": "sell", 
        "amount": "0.01684653"
    }, 
    {
        "date": "1579399003", 
        "tid": "14389211", 
        "price": "123298000", 
        "type": "buy", 
        "amount": "0.01554601"
    }, 
    {
        "date": "1579398982", 
        "tid": "14389210", 
        "price": "123298000", 
        "type": "buy", 
        "amount": "0.00404309"
    }, 
    {
        "date": "1579398946", 
        "tid": "14389209", 
        "price": "123340000", 
        "type": "buy", 
        "amount": "0.18552256"
    }, 
    {
        "date": "1579398941", 
        "tid": "14389208", 
        "price": "123297000", 
        "type": "sell", 
        "amount": "0.00598539"
    }, 
    {
        "date": "1579398941", 
        "tid": "14389207", 
        "price": "123310000", 
        "type": "sell", 
        "amount": "0.00405482"
    }, 
    {
        "date": "1579398939", 
        "tid": "14389206", 
        "price": "123382000", 
        "type": "sell", 
        "amount": "0.00077960"
    }, 
    {
        "date": "1579398939", 
        "tid": "14389205", 
        "price": "123399000", 
        "type": "sell", 
        "amount": "0.00165136"
    }, 
    {
        "date": "1579398939", 
        "tid": "14389204", 
        "price": "123401000", 
        "type": "sell", 
        "amount": "0.00162073"
    }, 
    {
        "date": "1579398939", 
        "tid": "14389203", 
        "price": "123411000", 
        "type": "sell", 
        "amount": "0.00040830"
    }, 
    {
        "date": "1579398939", 
        "tid": "14389202", 
        "price": "123412000", 
        "type": "sell", 
        "amount": "0.12154409"
    }, 
    {
        "date": "1579398939", 
        "tid": "14389201", 
        "price": "123413000", 
        "type": "sell", 
        "amount": "0.09311247"
    }, 
    {
        "date": "1579398929", 
        "tid": "14389200", 
        "price": "123414000", 
        "type": "buy", 
        "amount": "0.01615714"
    }, 
    {
        "date": "1579398926", 
        "tid": "14389199", 
        "price": "123414000", 
        "type": "buy", 
        "amount": "0.08078572"
    }, 
    {
        "date": "1579398905", 
        "tid": "14389198", 
        "price": "123413000", 
        "type": "sell", 
        "amount": "0.00091311"
    }, 
    {
        "date": "1579398870", 
        "tid": "14389197", 
        "price": "123413000", 
        "type": "sell", 
        "amount": "0.00475906"
    }, 
    {
        "date": "1579398870", 
        "tid": "14389196", 
        "price": "123475000", 
        "type": "sell", 
        "amount": "0.00538965"
    }, 
    {
        "date": "1579398852", 
        "tid": "14389195", 
        "price": "123476000", 
        "type": "buy", 
        "amount": "0.00099701"
    }, 
    {
        "date": "1579398840", 
        "tid": "14389194", 
        "price": "123489000", 
        "type": "sell", 
        "amount": "0.00085837"
    }, 
    {
        "date": "1579398791", 
        "tid": "14389193", 
        "price": "123490000", 
        "type": "buy", 
        "amount": "0.00089491"
    }, 
    {
        "date": "1579398785", 
        "tid": "14389192", 
        "price": "123475000", 
        "type": "sell", 
        "amount": "0.00270915"
    }, 
    {
        "date": "1579398785", 
        "tid": "14389191", 
        "price": "123489000", 
        "type": "sell", 
        "amount": "0.00485872"
    }, 
    {
        "date": "1579398779", 
        "tid": "14389190", 
        "price": "123490000", 
        "type": "buy", 
        "amount": "0.00048441"
    }, 
    {
        "date": "1579398769", 
        "tid": "14389189", 
        "price": "123490000", 
        "type": "buy", 
        "amount": "0.08346488"
    }, 
    {
        "date": "1579398699", 
        "tid": "14389188", 
        "price": "123490000", 
        "type": "buy", 
        "amount": "0.01192388"
    }, 
    {
        "date": "1579398682", 
        "tid": "14389187", 
        "price": "123490000", 
        "type": "buy", 
        "amount": "0.09970897"
    }, 
    {
        "date": "1579398655", 
        "tid": "14389186", 
        "price": "123490000", 
        "type": "buy", 
        "amount": "0.00408346"
    }, 
    {
        "date": "1579398654", 
        "tid": "14389185", 
        "price": "123490000", 
        "type": "buy", 
        "amount": "0.34418081"
    }, 
    {
        "date": "1579398647", 
        "tid": "14389184", 
        "price": "123490000", 
        "type": "buy", 
        "amount": "0.00716395"
    }, 
    {
        "date": "1579398610", 
        "tid": "14389183", 
        "price": "123500000", 
        "type": "buy", 
        "amount": "0.15468636"
    }, 
    {
        "date": "1579398610", 
        "tid": "14389182", 
        "price": "123499000", 
        "type": "buy", 
        "amount": "0.01186058"
    }, 
    {
        "date": "1579398605", 
        "tid": "14389181", 
        "price": "123499000", 
        "type": "buy", 
        "amount": "0.00079598"
    }, 
    {
        "date": "1579398603", 
        "tid": "14389180", 
        "price": "123499000", 
        "type": "buy", 
        "amount": "0.00234257"
    }, 
    {
        "date": "1579398599", 
        "tid": "14389179", 
        "price": "123499000", 
        "type": "buy", 
        "amount": "0.08073012"
    }, 
    {
        "date": "1579398590", 
        "tid": "14389178", 
        "price": "123499000", 
        "type": "buy", 
        "amount": "0.00113022"
    }, 
    {
        "date": "1579398584", 
        "tid": "14389177", 
        "price": "123499000", 
        "type": "buy", 
        "amount": "0.02450857"
    }, 
    {
        "date": "1579398565", 
        "tid": "14389176", 
        "price": "123499000", 
        "type": "buy", 
        "amount": "0.03681355"
    }, 
    {
        "date": "1579398553", 
        "tid": "14389175", 
        "price": "123499000", 
        "type": "buy", 
        "amount": "0.01564298"
    }, 
    {
        "date": "1579398553", 
        "tid": "14389174", 
        "price": "123485000", 
        "type": "buy", 
        "amount": "0.00041430"
    }, 
    {
        "date": "1579398528", 
        "tid": "14389173", 
        "price": "123415000", 
        "type": "sell", 
        "amount": "0.01251887"
    }, 
    {
        "date": "1579398525", 
        "tid": "14389172", 
        "price": "123499000", 
        "type": "buy", 
        "amount": "0.01560777"
    }, 
    {
        "date": "1579398525", 
        "tid": "14389171", 
        "price": "123498000", 
        "type": "buy", 
        "amount": "0.00314501"
    }, 
    {
        "date": "1579398518", 
        "tid": "14389170", 
        "price": "123484000", 
        "type": "buy", 
        "amount": "0.02159419"
    }, 
    {
        "date": "1579398518", 
        "tid": "14389169", 
        "price": "123477000", 
        "type": "buy", 
        "amount": "0.00181653"
    }, 
    {
        "date": "1579398518", 
        "tid": "14389168", 
        "price": "123475000", 
        "type": "buy", 
        "amount": "0.00068525"
    }, 
    {
        "date": "1579398518", 
        "tid": "14389167", 
        "price": "123450000", 
        "type": "buy", 
        "amount": "0.04540128"
    }, 
    {
        "date": "1579398511", 
        "tid": "14389166", 
        "price": "123450000", 
        "type": "buy", 
        "amount": "0.00096480"
    }, 
    {
        "date": "1579398506", 
        "tid": "14389165", 
        "price": "123414000", 
        "type": "sell", 
        "amount": "0.00050000"
    }, 
    {
        "date": "1579398501", 
        "tid": "14389164", 
        "price": "123414000", 
        "type": "buy", 
        "amount": "0.07873638"
    }, 
    {
        "date": "1579398463", 
        "tid": "14389163", 
        "price": "123414000", 
        "type": "buy", 
        "amount": "0.00099634"
    }, 
    {
        "date": "1579398443", 
        "tid": "14389162", 
        "price": "123414000", 
        "type": "buy", 
        "amount": "0.01615714"
    }, 
    {
        "date": "1579398426", 
        "tid": "14389161", 
        "price": "123413000", 
        "type": "sell", 
        "amount": "0.00079319"
    }, 
    {
        "date": "1579398405", 
        "tid": "14389160", 
        "price": "123414000", 
        "type": "buy", 
        "amount": "0.00040393"
    }, 
    {
        "date": "1579398404", 
        "tid": "14389159", 
        "price": "123413000", 
        "type": "sell", 
        "amount": "0.01348669"
    }, 
    {
        "date": "1579398369", 
        "tid": "14389158", 
        "price": "123412000", 
        "type": "sell", 
        "amount": "0.29777391"
    }, 
    {
        "date": "1579398369", 
        "tid": "14389157", 
        "price": "123415000", 
        "type": "sell", 
        "amount": "0.02942008"
    }, 
    {
        "date": "1579398368", 
        "tid": "14389156", 
        "price": "123415000", 
        "type": "sell", 
        "amount": "0.00082418"
    }, 
    {
        "date": "1579398333", 
        "tid": "14389155", 
        "price": "123412000", 
        "type": "sell", 
        "amount": "0.00310682"
    }, 
    {
        "date": "1579398332", 
        "tid": "14389154", 
        "price": "123475000", 
        "type": "buy", 
        "amount": "0.00008305"
    }, 
    {
        "date": "1579398332", 
        "tid": "14389153", 
        "price": "123468000", 
        "type": "buy", 
        "amount": "0.00077960"
    }, 
    {
        "date": "1579398332", 
        "tid": "14389152", 
        "price": "123462000", 
        "type": "buy", 
        "amount": "0.00073005"
    }, 
    {
        "date": "1579398332", 
        "tid": "14389151", 
        "price": "123456000", 
        "type": "buy", 
        "amount": "0.00006298"
    }, 
    {
        "date": "1579398329", 
        "tid": "14389150", 
        "price": "123412000", 
        "type": "sell", 
        "amount": "0.01590887"
    }, 
    {
        "date": "1579398307", 
        "tid": "14389149", 
        "price": "123412000", 
        "type": "buy", 
        "amount": "0.03755540"
    }, 
    {
        "date": "1579398302", 
        "tid": "14389148", 
        "price": "123412000", 
        "type": "buy", 
        "amount": "0.00161574"
    }, 
    {
        "date": "1579398297", 
        "tid": "14389147", 
        "price": "123412000", 
        "type": "buy", 
        "amount": "0.00091311"
    }, 
    {
        "date": "1579398294", 
        "tid": "14389146", 
        "price": "123412000", 
        "type": "buy", 
        "amount": "0.07687694"
    }, 
    {
        "date": "1579398286", 
        "tid": "14389145", 
        "price": "123412000", 
        "type": "buy", 
        "amount": "0.01004021"
    }, 
    {
        "date": "1579398284", 
        "tid": "14389144", 
        "price": "123412000", 
        "type": "buy", 
        "amount": "0.00225002"
    }, 
    {
        "date": "1579398277", 
        "tid": "14389143", 
        "price": "123412000", 
        "type": "buy", 
        "amount": "0.00101768"
    }, 
    {
        "date": "1579398264", 
        "tid": "14389142", 
        "price": "123412000", 
        "type": "buy", 
        "amount": "0.16482776"
    }, 
    {
        "date": "1579398241", 
        "tid": "14389141", 
        "price": "123411000", 
        "type": "sell", 
        "amount": "0.04080555"
    }, 
    {
        "date": "1579398219", 
        "tid": "14389140", 
        "price": "123411000", 
        "type": "sell", 
        "amount": "0.01010072"
    }, 
    {
        "date": "1579398206", 
        "tid": "14389139", 
        "price": "123412000", 
        "type": "buy", 
        "amount": "0.00258790"
    }, 
    {
        "date": "1579398188", 
        "tid": "14389138", 
        "price": "123412000", 
        "type": "buy", 
        "amount": "0.00276926"
    }, 
    {
        "date": "1579398183", 
        "tid": "14389137", 
        "price": "123411000", 
        "type": "sell", 
        "amount": "0.00056116"
    }, 
    {
        "date": "1579398165", 
        "tid": "14389136", 
        "price": "123412000", 
        "type": "buy", 
        "amount": "0.02656008"
    }, 
    {
        "date": "1579398161", 
        "tid": "14389135", 
        "price": "123412000", 
        "type": "buy", 
        "amount": "0.00964096"
    }, 
    {
        "date": "1579398161", 
        "tid": "14389134", 
        "price": "123412000", 
        "type": "buy", 
        "amount": "0.02875446"
    }, 
    {
        "date": "1579398151", 
        "tid": "14389133", 
        "price": "123412000", 
        "type": "buy", 
        "amount": "0.00063373"
    }, 
    {
        "date": "1579398133", 
        "tid": "14389132", 
        "price": "123456000", 
        "type": "buy", 
        "amount": "0.00227932"
    }, 
    {
        "date": "1579398133", 
        "tid": "14389131", 
        "price": "123451000", 
        "type": "buy", 
        "amount": "0.00041875"
    }, 
    {
        "date": "1579398133", 
        "tid": "14389130", 
        "price": "123433000", 
        "type": "buy", 
        "amount": "0.00069045"
    }, 
    {
        "date": "1579398133", 
        "tid": "14389129", 
        "price": "123412000", 
        "type": "buy", 
        "amount": "0.00667449"
    }, 
    {
        "date": "1579398112", 
        "tid": "14389128", 
        "price": "123412000", 
        "type": "buy", 
        "amount": "0.06880811"
    }, 
    {
        "date": "1579398108", 
        "tid": "14389127", 
        "price": "123412000", 
        "type": "buy", 
        "amount": "0.00546335"
    }, 
    {
        "date": "1579398100", 
        "tid": "14389126", 
        "price": "123412000", 
        "type": "buy", 
        "amount": "0.02242849"
    }, 
    {
        "date": "1579398100", 
        "tid": "14389125", 
        "price": "123412000", 
        "type": "buy", 
        "amount": "0.00095715"
    }, 
    {
        "date": "1579398095", 
        "tid": "14389124", 
        "price": "123412000", 
        "type": "buy", 
        "amount": "0.06883936"
    }, 
    {
        "date": "1579398091", 
        "tid": "14389123", 
        "price": "123412000", 
        "type": "buy", 
        "amount": "0.00080787"
    }, 
    {
        "date": "1579398085", 
        "tid": "14389122", 
        "price": "123412000", 
        "type": "buy", 
        "amount": "0.00628961"
    }, 
    {
        "date": "1579398079", 
        "tid": "14389121", 
        "price": "123412000", 
        "type": "buy", 
        "amount": "0.00376475"
    }, 
    {
        "date": "1579398074", 
        "tid": "14389120", 
        "price": "123412000", 
        "type": "buy", 
        "amount": "0.00398804"
    }, 
    {
        "date": "1579398072", 
        "tid": "14389119", 
        "price": "123412000", 
        "type": "buy", 
        "amount": "0.01035161"
    }, 
    {
        "date": "1579398070", 
        "tid": "14389118", 
        "price": "123412000", 
        "type": "buy", 
        "amount": "0.03489531"
    }, 
    {
        "date": "1579398066", 
        "tid": "14389117", 
        "price": "123411000", 
        "type": "sell", 
        "amount": "0.13662698"
    }, 
    {
        "date": "1579398060", 
        "tid": "14389116", 
        "price": "123433000", 
        "type": "buy", 
        "amount": "0.00697906"
    }, 
    {
        "date": "1579398056", 
        "tid": "14389115", 
        "price": "123433000", 
        "type": "buy", 
        "amount": "0.00062924"
    }, 
    {
        "date": "1579398056", 
        "tid": "14389114", 
        "price": "123422000", 
        "type": "buy", 
        "amount": "0.00100000"
    }, 
    {
        "date": "1579398038", 
        "tid": "14389113", 
        "price": "123409000", 
        "type": "sell", 
        "amount": "0.00314501"
    }, 
    {
        "date": "1579398038", 
        "tid": "14389112", 
        "price": "123410000", 
        "type": "sell", 
        "amount": "0.00015499"
    }, 
    {
        "date": "1579398037", 
        "tid": "14389111", 
        "price": "123410000", 
        "type": "buy", 
        "amount": "0.00063216"
    }, 
    {
        "date": "1579398031", 
        "tid": "14389110", 
        "price": "123410000", 
        "type": "buy", 
        "amount": "0.00108168"
    }, 
    {
        "date": "1579398015", 
        "tid": "14389109", 
        "price": "123408000", 
        "type": "sell", 
        "amount": "0.00373357"
    }, 
    {
        "date": "1579398010", 
        "tid": "14389108", 
        "price": "123407000", 
        "type": "buy", 
        "amount": "0.00133282"
    }, 
    {
        "date": "1579398002", 
        "tid": "14389107", 
        "price": "123407000", 
        "type": "buy", 
        "amount": "0.25423729"
    }, 
    {
        "date": "1579398001", 
        "tid": "14389106", 
        "price": "123407000", 
        "type": "buy", 
        "amount": "0.16166573"
    }, 
    {
        "date": "1579398001", 
        "tid": "14389105", 
        "price": "123406000", 
        "type": "buy", 
        "amount": "0.00017493"
    }, 
    {
        "date": "1579397982", 
        "tid": "14389104", 
        "price": "123406000", 
        "type": "buy", 
        "amount": "0.00041203"
    }, 
    {
        "date": "1579397974", 
        "tid": "14389103", 
        "price": "123406000", 
        "type": "buy", 
        "amount": "0.01894317"
    }, 
    {
        "date": "1579397972", 
        "tid": "14389102", 
        "price": "123406000", 
        "type": "buy", 
        "amount": "0.01615277"
    }, 
    {
        "date": "1579397972", 
        "tid": "14389101", 
        "price": "123405000", 
        "type": "buy", 
        "amount": "0.01172757"
    }, 
    {
        "date": "1579397972", 
        "tid": "14389100", 
        "price": "123400000", 
        "type": "buy", 
        "amount": "0.00065044"
    }, 
    {
        "date": "1579397957", 
        "tid": "14389099", 
        "price": "123399000", 
        "type": "sell", 
        "amount": "0.02669776"
    }, 
    {
        "date": "1579397942", 
        "tid": "14389098", 
        "price": "123311000", 
        "type": "sell", 
        "amount": "0.00688153"
    }, 
    {
        "date": "1579397926", 
        "tid": "14389097", 
        "price": "123400000", 
        "type": "buy", 
        "amount": "0.03489532"
    }, 
    {
        "date": "1579397914", 
        "tid": "14389096", 
        "price": "123311000", 
        "type": "sell", 
        "amount": "0.00041000"
    }, 
    {
        "date": "1579397910", 
        "tid": "14389095", 
        "price": "123400000", 
        "type": "buy", 
        "amount": "0.01794616"
    }, 
    {
        "date": "1579397909", 
        "tid": "14389094", 
        "price": "123400000", 
        "type": "buy", 
        "amount": "0.00434131"
    }, 
    {
        "date": "1579397909", 
        "tid": "14389093", 
        "price": "123395000", 
        "type": "buy", 
        "amount": "0.00112263"
    }, 
    {
        "date": "1579397900", 
        "tid": "14389092", 
        "price": "123311000", 
        "type": "sell", 
        "amount": "0.03008000"
    }, 
    {
        "date": "1579397894", 
        "tid": "14389091", 
        "price": "123395000", 
        "type": "buy", 
        "amount": "0.06281157"
    }, 
    {
        "date": "1579397893", 
        "tid": "14389090", 
        "price": "123395000", 
        "type": "buy", 
        "amount": "0.00641011"
    }, 
    {
        "date": "1579397893", 
        "tid": "14389089", 
        "price": "123382000", 
        "type": "buy", 
        "amount": "0.00077960"
    }, 
    {
        "date": "1579397876", 
        "tid": "14389088", 
        "price": "123395000", 
        "type": "buy", 
        "amount": "0.00718961"
    }, 
    {
        "date": "1579397863", 
        "tid": "14389087", 
        "price": "123271000", 
        "type": "sell", 
        "amount": "0.00757441"
    }, 
    {
        "date": "1579397863", 
        "tid": "14389086", 
        "price": "123297000", 
        "type": "sell", 
        "amount": "0.00008599"
    }, 
    {
        "date": "1579397862", 
        "tid": "14389085", 
        "price": "123400000", 
        "type": "buy", 
        "amount": "0.08403333"
    }, 
    {
        "date": "1579397860", 
        "tid": "14389084", 
        "price": "123400000", 
        "type": "buy", 
        "amount": "0.00718931"
    }, 
    {
        "date": "1579397822", 
        "tid": "14389083", 
        "price": "123400000", 
        "type": "buy", 
        "amount": "0.00163357"
    }, 
    {
        "date": "1579397822", 
        "tid": "14389082", 
        "price": "123399000", 
        "type": "buy", 
        "amount": "0.00079032"
    }, 
    {
        "date": "1579397822", 
        "tid": "14389081", 
        "price": "123395000", 
        "type": "buy", 
        "amount": "0.00476564"
    }, 
    {
        "date": "1579397813", 
        "tid": "14389080", 
        "price": "123297000", 
        "type": "sell", 
        "amount": "0.00069361"
    }, 
    {
        "date": "1579397776", 
        "tid": "14389079", 
        "price": "123398000", 
        "type": "sell", 
        "amount": "0.00092451"
    }, 
    {
        "date": "1579397724", 
        "tid": "14389078", 
        "price": "123398000", 
        "type": "sell", 
        "amount": "0.01329772"
    }, 
    {
        "date": "1579397724", 
        "tid": "14389077", 
        "price": "123399000", 
        "type": "sell", 
        "amount": "0.01440189"
    }, 
    {
        "date": "1579397720", 
        "tid": "14389076", 
        "price": "123399000", 
        "type": "sell", 
        "amount": "0.00113502"
    }, 
    {
        "date": "1579397712", 
        "tid": "14389075", 
        "price": "123400000", 
        "type": "buy", 
        "amount": "0.00234086"
    }, 
    {
        "date": "1579397707", 
        "tid": "14389074", 
        "price": "123399000", 
        "type": "sell", 
        "amount": "0.00041564"
    }, 
    {
        "date": "1579397701", 
        "tid": "14389073", 
        "price": "123400000", 
        "type": "buy", 
        "amount": "0.00080794"
    }
]