[
    {
        "date": "1579344515", 
        "tid": "14386494", 
        "price": "120268000", 
        "type": "sell", 
        "amount": "0.00113071"
    }, 
    {
        "date": "1579344503", 
        "tid": "14386493", 
        "price": "120490000", 
        "type": "buy", 
        "amount": "0.34437062"
    }, 
    {
        "date": "1579344503", 
        "tid": "14386492", 
        "price": "120489000", 
        "type": "buy", 
        "amount": "0.00356441"
    }, 
    {
        "date": "1579344503", 
        "tid": "14386491", 
        "price": "120488000", 
        "type": "buy", 
        "amount": "0.00289611"
    }, 
    {
        "date": "1579344503", 
        "tid": "14386490", 
        "price": "120487000", 
        "type": "buy", 
        "amount": "0.00222779"
    }, 
    {
        "date": "1579344503", 
        "tid": "14386489", 
        "price": "120486000", 
        "type": "buy", 
        "amount": "0.00155947"
    }, 
    {
        "date": "1579344503", 
        "tid": "14386488", 
        "price": "120485000", 
        "type": "buy", 
        "amount": "0.00089113"
    }, 
    {
        "date": "1579344503", 
        "tid": "14386487", 
        "price": "120475000", 
        "type": "buy", 
        "amount": "0.30000000"
    }, 
    {
        "date": "1579344503", 
        "tid": "14386486", 
        "price": "120469000", 
        "type": "buy", 
        "amount": "0.04150479"
    }, 
    {
        "date": "1579344503", 
        "tid": "14386485", 
        "price": "120467000", 
        "type": "buy", 
        "amount": "0.10000000"
    }, 
    {
        "date": "1579344503", 
        "tid": "14386484", 
        "price": "120466000", 
        "type": "buy", 
        "amount": "0.12454590"
    }, 
    {
        "date": "1579344503", 
        "tid": "14386483", 
        "price": "120460000", 
        "type": "buy", 
        "amount": "0.07555634"
    }, 
    {
        "date": "1579344490", 
        "tid": "14386482", 
        "price": "120460000", 
        "type": "buy", 
        "amount": "0.00212292"
    }, 
    {
        "date": "1579344416", 
        "tid": "14386481", 
        "price": "120468000", 
        "type": "buy", 
        "amount": "0.00095988"
    }, 
    {
        "date": "1579344387", 
        "tid": "14386480", 
        "price": "120469000", 
        "type": "sell", 
        "amount": "0.01998703"
    }, 
    {
        "date": "1579344134", 
        "tid": "14386479", 
        "price": "120201000", 
        "type": "sell", 
        "amount": "0.00101423"
    }, 
    {
        "date": "1579344128", 
        "tid": "14386478", 
        "price": "120440000", 
        "type": "buy", 
        "amount": "0.00101326"
    }, 
    {
        "date": "1579344112", 
        "tid": "14386477", 
        "price": "120201000", 
        "type": "sell", 
        "amount": "0.00089160"
    }, 
    {
        "date": "1579344031", 
        "tid": "14386476", 
        "price": "120458000", 
        "type": "buy", 
        "amount": "0.00680701"
    }, 
    {
        "date": "1579344031", 
        "tid": "14386475", 
        "price": "120436000", 
        "type": "buy", 
        "amount": "0.00074370"
    }, 
    {
        "date": "1579344026", 
        "tid": "14386474", 
        "price": "120201000", 
        "type": "sell", 
        "amount": "0.02262893"
    }, 
    {
        "date": "1579343918", 
        "tid": "14386473", 
        "price": "120201000", 
        "type": "sell", 
        "amount": "0.12876230"
    }, 
    {
        "date": "1579343918", 
        "tid": "14386472", 
        "price": "120218000", 
        "type": "sell", 
        "amount": "0.01069983"
    }, 
    {
        "date": "1579343918", 
        "tid": "14386471", 
        "price": "120226000", 
        "type": "sell", 
        "amount": "0.00289585"
    }, 
    {
        "date": "1579343918", 
        "tid": "14386470", 
        "price": "120227000", 
        "type": "sell", 
        "amount": "0.00563494"
    }, 
    {
        "date": "1579343918", 
        "tid": "14386469", 
        "price": "120228000", 
        "type": "sell", 
        "amount": "0.00433453"
    }, 
    {
        "date": "1579343918", 
        "tid": "14386468", 
        "price": "120229000", 
        "type": "sell", 
        "amount": "0.00303415"
    }, 
    {
        "date": "1579343918", 
        "tid": "14386467", 
        "price": "120230000", 
        "type": "sell", 
        "amount": "0.08952630"
    }, 
    {
        "date": "1579343891", 
        "tid": "14386466", 
        "price": "120436000", 
        "type": "buy", 
        "amount": "0.00071236"
    }, 
    {
        "date": "1579343891", 
        "tid": "14386465", 
        "price": "120428000", 
        "type": "buy", 
        "amount": "0.00049632"
    }, 
    {
        "date": "1579343733", 
        "tid": "14386464", 
        "price": "120218000", 
        "type": "sell", 
        "amount": "0.00028148"
    }, 
    {
        "date": "1579343733", 
        "tid": "14386463", 
        "price": "120410000", 
        "type": "sell", 
        "amount": "0.00047349"
    }, 
    {
        "date": "1579343701", 
        "tid": "14386462", 
        "price": "120410000", 
        "type": "buy", 
        "amount": "0.00022408"
    }, 
    {
        "date": "1579343666", 
        "tid": "14386461", 
        "price": "120410000", 
        "type": "buy", 
        "amount": "0.00073127"
    }, 
    {
        "date": "1579343666", 
        "tid": "14386460", 
        "price": "120407000", 
        "type": "buy", 
        "amount": "0.00963041"
    }, 
    {
        "date": "1579343666", 
        "tid": "14386459", 
        "price": "120398000", 
        "type": "buy", 
        "amount": "0.00082247"
    }, 
    {
        "date": "1579343666", 
        "tid": "14386458", 
        "price": "120392000", 
        "type": "buy", 
        "amount": "0.00112200"
    }, 
    {
        "date": "1579343666", 
        "tid": "14386457", 
        "price": "120384000", 
        "type": "buy", 
        "amount": "0.00053671"
    }, 
    {
        "date": "1579343666", 
        "tid": "14386456", 
        "price": "120370000", 
        "type": "buy", 
        "amount": "0.00256592"
    }, 
    {
        "date": "1579343666", 
        "tid": "14386455", 
        "price": "120353000", 
        "type": "buy", 
        "amount": "0.00115351"
    }, 
    {
        "date": "1579343648", 
        "tid": "14386454", 
        "price": "120351000", 
        "type": "buy", 
        "amount": "0.00021467"
    }, 
    {
        "date": "1579343648", 
        "tid": "14386453", 
        "price": "120351000", 
        "type": "buy", 
        "amount": "0.00042249"
    }, 
    {
        "date": "1579343606", 
        "tid": "14386452", 
        "price": "120218000", 
        "type": "sell", 
        "amount": "0.01000000"
    }, 
    {
        "date": "1579343514", 
        "tid": "14386451", 
        "price": "120351000", 
        "type": "buy", 
        "amount": "0.00004174"
    }, 
    {
        "date": "1579343514", 
        "tid": "14386450", 
        "price": "120330000", 
        "type": "buy", 
        "amount": "0.00074470"
    }, 
    {
        "date": "1579343514", 
        "tid": "14386449", 
        "price": "120310000", 
        "type": "buy", 
        "amount": "0.00014790"
    }, 
    {
        "date": "1579343514", 
        "tid": "14386448", 
        "price": "120300000", 
        "type": "buy", 
        "amount": "0.00138095"
    }, 
    {
        "date": "1579343475", 
        "tid": "14386447", 
        "price": "120300000", 
        "type": "buy", 
        "amount": "0.00162438"
    }, 
    {
        "date": "1579343472", 
        "tid": "14386446", 
        "price": "120300000", 
        "type": "buy", 
        "amount": "1.10012520"
    }, 
    {
        "date": "1579343472", 
        "tid": "14386445", 
        "price": "120277000", 
        "type": "buy", 
        "amount": "0.00508709"
    }, 
    {
        "date": "1579343472", 
        "tid": "14386444", 
        "price": "120267000", 
        "type": "buy", 
        "amount": "0.00044034"
    }, 
    {
        "date": "1579343472", 
        "tid": "14386443", 
        "price": "120250000", 
        "type": "buy", 
        "amount": "0.00622493"
    }, 
    {
        "date": "1579343462", 
        "tid": "14386442", 
        "price": "120200000", 
        "type": "sell", 
        "amount": "0.00059368"
    }, 
    {
        "date": "1579343452", 
        "tid": "14386441", 
        "price": "120240000", 
        "type": "buy", 
        "amount": "0.47979592"
    }, 
    {
        "date": "1579343452", 
        "tid": "14386440", 
        "price": "120201000", 
        "type": "buy", 
        "amount": "0.02820976"
    }, 
    {
        "date": "1579343452", 
        "tid": "14386439", 
        "price": "120201000", 
        "type": "buy", 
        "amount": "0.00042302"
    }, 
    {
        "date": "1579343425", 
        "tid": "14386438", 
        "price": "120201000", 
        "type": "buy", 
        "amount": "0.01521612"
    }, 
    {
        "date": "1579343419", 
        "tid": "14386437", 
        "price": "120200000", 
        "type": "buy", 
        "amount": "0.57705637"
    }, 
    {
        "date": "1579343415", 
        "tid": "14386436", 
        "price": "120200000", 
        "type": "buy", 
        "amount": "0.00145564"
    }, 
    {
        "date": "1579343414", 
        "tid": "14386435", 
        "price": "120200000", 
        "type": "buy", 
        "amount": "0.00364961"
    }, 
    {
        "date": "1579343411", 
        "tid": "14386434", 
        "price": "120200000", 
        "type": "buy", 
        "amount": "0.00364961"
    }, 
    {
        "date": "1579343403", 
        "tid": "14386433", 
        "price": "120199000", 
        "type": "buy", 
        "amount": "0.29035686"
    }, 
    {
        "date": "1579343230", 
        "tid": "14386432", 
        "price": "120193000", 
        "type": "sell", 
        "amount": "0.00500000"
    }, 
    {
        "date": "1579343217", 
        "tid": "14386431", 
        "price": "120193000", 
        "type": "sell", 
        "amount": "0.05427508"
    }, 
    {
        "date": "1579343186", 
        "tid": "14386430", 
        "price": "120193000", 
        "type": "sell", 
        "amount": "0.00107744"
    }, 
    {
        "date": "1579343127", 
        "tid": "14386429", 
        "price": "120199000", 
        "type": "buy", 
        "amount": "0.00165893"
    }, 
    {
        "date": "1579343023", 
        "tid": "14386428", 
        "price": "120199000", 
        "type": "buy", 
        "amount": "0.10548457"
    }, 
    {
        "date": "1579343004", 
        "tid": "14386427", 
        "price": "120199000", 
        "type": "buy", 
        "amount": "0.00182482"
    }, 
    {
        "date": "1579342911", 
        "tid": "14386426", 
        "price": "120199000", 
        "type": "buy", 
        "amount": "0.00042303"
    }, 
    {
        "date": "1579342832", 
        "tid": "14386425", 
        "price": "120199000", 
        "type": "buy", 
        "amount": "0.00124367"
    }, 
    {
        "date": "1579342832", 
        "tid": "14386424", 
        "price": "120196000", 
        "type": "buy", 
        "amount": "0.00034893"
    }, 
    {
        "date": "1579342815", 
        "tid": "14386423", 
        "price": "120193000", 
        "type": "sell", 
        "amount": "0.01239280"
    }, 
    {
        "date": "1579342815", 
        "tid": "14386422", 
        "price": "120194000", 
        "type": "sell", 
        "amount": "0.00327803"
    }, 
    {
        "date": "1579342815", 
        "tid": "14386421", 
        "price": "120195000", 
        "type": "sell", 
        "amount": "0.00223199"
    }, 
    {
        "date": "1579342797", 
        "tid": "14386420", 
        "price": "120196000", 
        "type": "buy", 
        "amount": "0.00715188"
    }, 
    {
        "date": "1579342687", 
        "tid": "14386419", 
        "price": "120195000", 
        "type": "buy", 
        "amount": "0.00026317"
    }, 
    {
        "date": "1579342661", 
        "tid": "14386418", 
        "price": "120195000", 
        "type": "sell", 
        "amount": "0.00026097"
    }, 
    {
        "date": "1579342620", 
        "tid": "14386417", 
        "price": "120195000", 
        "type": "sell", 
        "amount": "0.00022990"
    }, 
    {
        "date": "1579342620", 
        "tid": "14386416", 
        "price": "120198000", 
        "type": "sell", 
        "amount": "0.00042400"
    }, 
    {
        "date": "1579342491", 
        "tid": "14386415", 
        "price": "120199000", 
        "type": "buy", 
        "amount": "0.00078563"
    }, 
    {
        "date": "1579342401", 
        "tid": "14386414", 
        "price": "120199000", 
        "type": "buy", 
        "amount": "0.00121095"
    }, 
    {
        "date": "1579342290", 
        "tid": "14386413", 
        "price": "120198000", 
        "type": "sell", 
        "amount": "1.90405841"
    }, 
    {
        "date": "1579342134", 
        "tid": "14386412", 
        "price": "120198000", 
        "type": "sell", 
        "amount": "0.00053917"
    }, 
    {
        "date": "1579342122", 
        "tid": "14386411", 
        "price": "120199000", 
        "type": "sell", 
        "amount": "0.09184660"
    }, 
    {
        "date": "1579342081", 
        "tid": "14386410", 
        "price": "120200000", 
        "type": "buy", 
        "amount": "0.00124871"
    }, 
    {
        "date": "1579342001", 
        "tid": "14386409", 
        "price": "120200000", 
        "type": "buy", 
        "amount": "0.00661907"
    }, 
    {
        "date": "1579341991", 
        "tid": "14386408", 
        "price": "120200000", 
        "type": "buy", 
        "amount": "0.00077856"
    }, 
    {
        "date": "1579341986", 
        "tid": "14386407", 
        "price": "120200000", 
        "type": "buy", 
        "amount": "0.00760812"
    }, 
    {
        "date": "1579341978", 
        "tid": "14386406", 
        "price": "120199000", 
        "type": "sell", 
        "amount": "0.00498692"
    }, 
    {
        "date": "1579341960", 
        "tid": "14386405", 
        "price": "120200000", 
        "type": "buy", 
        "amount": "0.00760812"
    }, 
    {
        "date": "1579341936", 
        "tid": "14386404", 
        "price": "120199000", 
        "type": "sell", 
        "amount": "0.02950000"
    }, 
    {
        "date": "1579341931", 
        "tid": "14386403", 
        "price": "120199000", 
        "type": "sell", 
        "amount": "0.00167986"
    }, 
    {
        "date": "1579341917", 
        "tid": "14386402", 
        "price": "120199000", 
        "type": "sell", 
        "amount": "0.01000000"
    }, 
    {
        "date": "1579341870", 
        "tid": "14386401", 
        "price": "120199000", 
        "type": "sell", 
        "amount": "0.01129331"
    }, 
    {
        "date": "1579341429", 
        "tid": "14386400", 
        "price": "120200000", 
        "type": "buy", 
        "amount": "0.04458339"
    }, 
    {
        "date": "1579341407", 
        "tid": "14386399", 
        "price": "120200000", 
        "type": "buy", 
        "amount": "0.09538772"
    }, 
    {
        "date": "1579341374", 
        "tid": "14386398", 
        "price": "120199000", 
        "type": "sell", 
        "amount": "0.00588541"
    }, 
    {
        "date": "1579341331", 
        "tid": "14386397", 
        "price": "120199000", 
        "type": "sell", 
        "amount": "0.24000000"
    }, 
    {
        "date": "1579341328", 
        "tid": "14386396", 
        "price": "120199000", 
        "type": "sell", 
        "amount": "0.01450410"
    }, 
    {
        "date": "1579341327", 
        "tid": "14386395", 
        "price": "120200000", 
        "type": "buy", 
        "amount": "0.00760812"
    }, 
    {
        "date": "1579341313", 
        "tid": "14386394", 
        "price": "120200000", 
        "type": "buy", 
        "amount": "0.00760812"
    }, 
    {
        "date": "1579341275", 
        "tid": "14386393", 
        "price": "120199000", 
        "type": "sell", 
        "amount": "0.00239477"
    }, 
    {
        "date": "1579341275", 
        "tid": "14386392", 
        "price": "120199000", 
        "type": "sell", 
        "amount": "0.00383871"
    }, 
    {
        "date": "1579341271", 
        "tid": "14386391", 
        "price": "120199000", 
        "type": "sell", 
        "amount": "0.01499999"
    }, 
    {
        "date": "1579341269", 
        "tid": "14386390", 
        "price": "120200000", 
        "type": "buy", 
        "amount": "0.00760812"
    }, 
    {
        "date": "1579341254", 
        "tid": "14386389", 
        "price": "120200000", 
        "type": "buy", 
        "amount": "0.00760812"
    }, 
    {
        "date": "1579341234", 
        "tid": "14386388", 
        "price": "120200000", 
        "type": "buy", 
        "amount": "0.00760812"
    }, 
    {
        "date": "1579341217", 
        "tid": "14386387", 
        "price": "120200000", 
        "type": "buy", 
        "amount": "0.00760812"
    }, 
    {
        "date": "1579341208", 
        "tid": "14386386", 
        "price": "120200000", 
        "type": "buy", 
        "amount": "0.00760812"
    }, 
    {
        "date": "1579341186", 
        "tid": "14386385", 
        "price": "120199000", 
        "type": "sell", 
        "amount": "0.00121823"
    }, 
    {
        "date": "1579341116", 
        "tid": "14386384", 
        "price": "120200000", 
        "type": "buy", 
        "amount": "0.00792121"
    }, 
    {
        "date": "1579341073", 
        "tid": "14386383", 
        "price": "120200000", 
        "type": "buy", 
        "amount": "0.00082651"
    }, 
    {
        "date": "1579341052", 
        "tid": "14386382", 
        "price": "120200000", 
        "type": "buy", 
        "amount": "0.00042302"
    }, 
    {
        "date": "1579341041", 
        "tid": "14386381", 
        "price": "120200000", 
        "type": "buy", 
        "amount": "0.00124027"
    }, 
    {
        "date": "1579340904", 
        "tid": "14386380", 
        "price": "120199000", 
        "type": "buy", 
        "amount": "0.01394797"
    }, 
    {
        "date": "1579340886", 
        "tid": "14386379", 
        "price": "120199000", 
        "type": "buy", 
        "amount": "0.08300691"
    }, 
    {
        "date": "1579340886", 
        "tid": "14386378", 
        "price": "120196000", 
        "type": "buy", 
        "amount": "0.08179851"
    }, 
    {
        "date": "1579340886", 
        "tid": "14386377", 
        "price": "120195000", 
        "type": "buy", 
        "amount": "0.00087524"
    }, 
    {
        "date": "1579340886", 
        "tid": "14386376", 
        "price": "120194000", 
        "type": "buy", 
        "amount": "0.07871610"
    }, 
    {
        "date": "1579340809", 
        "tid": "14386375", 
        "price": "120102000", 
        "type": "sell", 
        "amount": "0.01051388"
    }, 
    {
        "date": "1579340758", 
        "tid": "14386374", 
        "price": "120196000", 
        "type": "buy", 
        "amount": "0.02293694"
    }, 
    {
        "date": "1579340758", 
        "tid": "14386373", 
        "price": "120195000", 
        "type": "buy", 
        "amount": "0.01524907"
    }, 
    {
        "date": "1579340758", 
        "tid": "14386372", 
        "price": "120194000", 
        "type": "buy", 
        "amount": "0.01505286"
    }, 
    {
        "date": "1579340758", 
        "tid": "14386371", 
        "price": "120156000", 
        "type": "buy", 
        "amount": "0.00561054"
    }, 
    {
        "date": "1579340737", 
        "tid": "14386370", 
        "price": "120156000", 
        "type": "buy", 
        "amount": "0.00517450"
    }, 
    {
        "date": "1579340717", 
        "tid": "14386369", 
        "price": "120156000", 
        "type": "buy", 
        "amount": "0.00417019"
    }, 
    {
        "date": "1579340717", 
        "tid": "14386368", 
        "price": "120103000", 
        "type": "buy", 
        "amount": "0.00344224"
    }, 
    {
        "date": "1579340704", 
        "tid": "14386367", 
        "price": "120102000", 
        "type": "sell", 
        "amount": "0.05500000"
    }, 
    {
        "date": "1579340623", 
        "tid": "14386366", 
        "price": "120103000", 
        "type": "sell", 
        "amount": "0.10638789"
    }, 
    {
        "date": "1579340623", 
        "tid": "14386365", 
        "price": "120142000", 
        "type": "sell", 
        "amount": "0.00049632"
    }, 
    {
        "date": "1579340623", 
        "tid": "14386364", 
        "price": "120145000", 
        "type": "sell", 
        "amount": "0.00074433"
    }, 
    {
        "date": "1579340623", 
        "tid": "14386363", 
        "price": "120155000", 
        "type": "sell", 
        "amount": "0.00166451"
    }, 
    {
        "date": "1579340599", 
        "tid": "14386362", 
        "price": "120194000", 
        "type": "buy", 
        "amount": "0.00320525"
    }, 
    {
        "date": "1579340599", 
        "tid": "14386361", 
        "price": "120191000", 
        "type": "buy", 
        "amount": "0.00047152"
    }, 
    {
        "date": "1579340523", 
        "tid": "14386360", 
        "price": "120156000", 
        "type": "sell", 
        "amount": "0.00053296"
    }, 
    {
        "date": "1579340447", 
        "tid": "14386359", 
        "price": "120194000", 
        "type": "buy", 
        "amount": "0.12442497"
    }, 
    {
        "date": "1579340426", 
        "tid": "14386358", 
        "price": "120156000", 
        "type": "sell", 
        "amount": "0.00645909"
    }, 
    {
        "date": "1579340363", 
        "tid": "14386357", 
        "price": "120195000", 
        "type": "buy", 
        "amount": "0.00217926"
    }, 
    {
        "date": "1579340328", 
        "tid": "14386356", 
        "price": "120195000", 
        "type": "buy", 
        "amount": "0.00050658"
    }, 
    {
        "date": "1579340276", 
        "tid": "14386355", 
        "price": "120195000", 
        "type": "buy", 
        "amount": "0.01658985"
    }, 
    {
        "date": "1579340224", 
        "tid": "14386354", 
        "price": "120195000", 
        "type": "buy", 
        "amount": "0.00088783"
    }, 
    {
        "date": "1579340208", 
        "tid": "14386353", 
        "price": "120195000", 
        "type": "buy", 
        "amount": "0.00826620"
    }, 
    {
        "date": "1579340043", 
        "tid": "14386352", 
        "price": "120198000", 
        "type": "sell", 
        "amount": "0.00184195"
    }, 
    {
        "date": "1579339966", 
        "tid": "14386351", 
        "price": "120199000", 
        "type": "sell", 
        "amount": "0.00087521"
    }, 
    {
        "date": "1579339963", 
        "tid": "14386350", 
        "price": "120199000", 
        "type": "sell", 
        "amount": "0.00218802"
    }, 
    {
        "date": "1579339962", 
        "tid": "14386349", 
        "price": "120198000", 
        "type": "sell", 
        "amount": "0.00153162"
    }, 
    {
        "date": "1579339962", 
        "tid": "14386348", 
        "price": "120198000", 
        "type": "sell", 
        "amount": "0.00087522"
    }, 
    {
        "date": "1579339961", 
        "tid": "14386347", 
        "price": "120198000", 
        "type": "buy", 
        "amount": "0.00456043"
    }, 
    {
        "date": "1579339844", 
        "tid": "14386346", 
        "price": "120198000", 
        "type": "buy", 
        "amount": "0.00033873"
    }, 
    {
        "date": "1579339844", 
        "tid": "14386345", 
        "price": "120197000", 
        "type": "buy", 
        "amount": "0.00008431"
    }
]