[
    {
        "date": "1579340276", 
        "tid": "14386355", 
        "price": "120195000", 
        "type": "buy", 
        "amount": "0.01658985"
    }, 
    {
        "date": "1579340224", 
        "tid": "14386354", 
        "price": "120195000", 
        "type": "buy", 
        "amount": "0.00088783"
    }, 
    {
        "date": "1579340208", 
        "tid": "14386353", 
        "price": "120195000", 
        "type": "buy", 
        "amount": "0.00826620"
    }, 
    {
        "date": "1579340043", 
        "tid": "14386352", 
        "price": "120198000", 
        "type": "sell", 
        "amount": "0.00184195"
    }, 
    {
        "date": "1579339966", 
        "tid": "14386351", 
        "price": "120199000", 
        "type": "sell", 
        "amount": "0.00087521"
    }, 
    {
        "date": "1579339963", 
        "tid": "14386350", 
        "price": "120199000", 
        "type": "sell", 
        "amount": "0.00218802"
    }, 
    {
        "date": "1579339962", 
        "tid": "14386349", 
        "price": "120198000", 
        "type": "sell", 
        "amount": "0.00153162"
    }, 
    {
        "date": "1579339962", 
        "tid": "14386348", 
        "price": "120198000", 
        "type": "sell", 
        "amount": "0.00087522"
    }, 
    {
        "date": "1579339961", 
        "tid": "14386347", 
        "price": "120198000", 
        "type": "buy", 
        "amount": "0.00456043"
    }, 
    {
        "date": "1579339844", 
        "tid": "14386346", 
        "price": "120198000", 
        "type": "buy", 
        "amount": "0.00033873"
    }, 
    {
        "date": "1579339844", 
        "tid": "14386345", 
        "price": "120197000", 
        "type": "buy", 
        "amount": "0.00008431"
    }, 
    {
        "date": "1579339841", 
        "tid": "14386344", 
        "price": "120197000", 
        "type": "buy", 
        "amount": "0.00144733"
    }, 
    {
        "date": "1579339841", 
        "tid": "14386343", 
        "price": "120196000", 
        "type": "buy", 
        "amount": "0.00087523"
    }, 
    {
        "date": "1579339838", 
        "tid": "14386342", 
        "price": "120201000", 
        "type": "buy", 
        "amount": "0.00144728"
    }, 
    {
        "date": "1579339838", 
        "tid": "14386341", 
        "price": "120200000", 
        "type": "buy", 
        "amount": "0.00087520"
    }, 
    {
        "date": "1579339824", 
        "tid": "14386340", 
        "price": "120148000", 
        "type": "sell", 
        "amount": "0.00341016"
    }, 
    {
        "date": "1579339824", 
        "tid": "14386339", 
        "price": "120199000", 
        "type": "sell", 
        "amount": "0.00082339"
    }, 
    {
        "date": "1579339696", 
        "tid": "14386338", 
        "price": "120201000", 
        "type": "buy", 
        "amount": "0.00034303"
    }, 
    {
        "date": "1579339696", 
        "tid": "14386337", 
        "price": "120200000", 
        "type": "buy", 
        "amount": "0.00087520"
    }, 
    {
        "date": "1579339689", 
        "tid": "14386336", 
        "price": "120196000", 
        "type": "sell", 
        "amount": "0.00113425"
    }, 
    {
        "date": "1579339689", 
        "tid": "14386335", 
        "price": "120197000", 
        "type": "sell", 
        "amount": "0.00544412"
    }, 
    {
        "date": "1579339689", 
        "tid": "14386334", 
        "price": "120198000", 
        "type": "sell", 
        "amount": "0.00418775"
    }, 
    {
        "date": "1579339689", 
        "tid": "14386333", 
        "price": "120199000", 
        "type": "sell", 
        "amount": "0.00293140"
    }, 
    {
        "date": "1579339689", 
        "tid": "14386332", 
        "price": "120200000", 
        "type": "sell", 
        "amount": "0.73194045"
    }, 
    {
        "date": "1579339625", 
        "tid": "14386331", 
        "price": "120200000", 
        "type": "sell", 
        "amount": "0.00093690"
    }, 
    {
        "date": "1579339572", 
        "tid": "14386330", 
        "price": "120201000", 
        "type": "buy", 
        "amount": "0.02479661"
    }, 
    {
        "date": "1579339379", 
        "tid": "14386329", 
        "price": "120200000", 
        "type": "sell", 
        "amount": "0.03897791"
    }, 
    {
        "date": "1579339340", 
        "tid": "14386328", 
        "price": "120240000", 
        "type": "buy", 
        "amount": "0.00098009"
    }, 
    {
        "date": "1579339288", 
        "tid": "14386327", 
        "price": "120200000", 
        "type": "sell", 
        "amount": "0.12333826"
    }, 
    {
        "date": "1579339284", 
        "tid": "14386326", 
        "price": "120240000", 
        "type": "buy", 
        "amount": "0.00616053"
    }, 
    {
        "date": "1579339243", 
        "tid": "14386325", 
        "price": "120240000", 
        "type": "buy", 
        "amount": "0.00532391"
    }, 
    {
        "date": "1579339227", 
        "tid": "14386324", 
        "price": "120240000", 
        "type": "buy", 
        "amount": "0.00849005"
    }, 
    {
        "date": "1579339227", 
        "tid": "14386323", 
        "price": "120217000", 
        "type": "buy", 
        "amount": "0.03000000"
    }, 
    {
        "date": "1579339212", 
        "tid": "14386322", 
        "price": "120197000", 
        "type": "buy", 
        "amount": "0.03867655"
    }, 
    {
        "date": "1579339166", 
        "tid": "14386321", 
        "price": "120197000", 
        "type": "buy", 
        "amount": "0.00495911"
    }, 
    {
        "date": "1579339054", 
        "tid": "14386320", 
        "price": "120196000", 
        "type": "buy", 
        "amount": "0.00049727"
    }, 
    {
        "date": "1579339053", 
        "tid": "14386319", 
        "price": "120196000", 
        "type": "buy", 
        "amount": "0.00049846"
    }, 
    {
        "date": "1579339034", 
        "tid": "14386318", 
        "price": "120006000", 
        "type": "sell", 
        "amount": "0.00050000"
    }, 
    {
        "date": "1579338961", 
        "tid": "14386317", 
        "price": "120196000", 
        "type": "buy", 
        "amount": "0.00762991"
    }, 
    {
        "date": "1579338915", 
        "tid": "14386316", 
        "price": "120000000", 
        "type": "sell", 
        "amount": "0.05533643"
    }, 
    {
        "date": "1579338915", 
        "tid": "14386315", 
        "price": "120001000", 
        "type": "sell", 
        "amount": "0.27639999"
    }, 
    {
        "date": "1579338915", 
        "tid": "14386314", 
        "price": "120149000", 
        "type": "sell", 
        "amount": "0.23326814"
    }, 
    {
        "date": "1579338915", 
        "tid": "14386313", 
        "price": "120195000", 
        "type": "sell", 
        "amount": "0.03419675"
    }, 
    {
        "date": "1579338915", 
        "tid": "14386312", 
        "price": "120196000", 
        "type": "sell", 
        "amount": "0.00079869"
    }, 
    {
        "date": "1579338847", 
        "tid": "14386311", 
        "price": "120198000", 
        "type": "buy", 
        "amount": "0.00366952"
    }, 
    {
        "date": "1579338843", 
        "tid": "14386310", 
        "price": "120200000", 
        "type": "sell", 
        "amount": "0.00430969"
    }, 
    {
        "date": "1579338843", 
        "tid": "14386309", 
        "price": "120201000", 
        "type": "sell", 
        "amount": "0.01077435"
    }, 
    {
        "date": "1579338776", 
        "tid": "14386308", 
        "price": "120200000", 
        "type": "buy", 
        "amount": "0.01609494"
    }, 
    {
        "date": "1579338776", 
        "tid": "14386307", 
        "price": "120197000", 
        "type": "buy", 
        "amount": "0.01220719"
    }, 
    {
        "date": "1579338713", 
        "tid": "14386306", 
        "price": "120196000", 
        "type": "sell", 
        "amount": "0.00125794"
    }, 
    {
        "date": "1579338693", 
        "tid": "14386305", 
        "price": "120196000", 
        "type": "sell", 
        "amount": "0.00116852"
    }, 
    {
        "date": "1579338666", 
        "tid": "14386304", 
        "price": "120195000", 
        "type": "sell", 
        "amount": "0.00041765"
    }, 
    {
        "date": "1579338517", 
        "tid": "14386303", 
        "price": "120200000", 
        "type": "buy", 
        "amount": "0.00094941"
    }, 
    {
        "date": "1579338431", 
        "tid": "14386302", 
        "price": "120195000", 
        "type": "buy", 
        "amount": "0.00502926"
    }, 
    {
        "date": "1579338431", 
        "tid": "14386301", 
        "price": "120193000", 
        "type": "buy", 
        "amount": "0.08402737"
    }, 
    {
        "date": "1579338431", 
        "tid": "14386300", 
        "price": "120175000", 
        "type": "buy", 
        "amount": "0.00085800"
    }, 
    {
        "date": "1579338337", 
        "tid": "14386299", 
        "price": "120180000", 
        "type": "buy", 
        "amount": "0.04115673"
    }, 
    {
        "date": "1579338337", 
        "tid": "14386298", 
        "price": "120167000", 
        "type": "buy", 
        "amount": "0.09988548"
    }, 
    {
        "date": "1579338199", 
        "tid": "14386297", 
        "price": "119987000", 
        "type": "sell", 
        "amount": "0.00085800"
    }, 
    {
        "date": "1579338168", 
        "tid": "14386296", 
        "price": "120178000", 
        "type": "buy", 
        "amount": "0.05079817"
    }, 
    {
        "date": "1579338167", 
        "tid": "14386295", 
        "price": "120150000", 
        "type": "buy", 
        "amount": "0.00141783"
    }, 
    {
        "date": "1579338154", 
        "tid": "14386294", 
        "price": "120150000", 
        "type": "buy", 
        "amount": "0.00022696"
    }, 
    {
        "date": "1579338154", 
        "tid": "14386293", 
        "price": "119990000", 
        "type": "buy", 
        "amount": "0.00068422"
    }, 
    {
        "date": "1579338130", 
        "tid": "14386292", 
        "price": "120150000", 
        "type": "buy", 
        "amount": "0.00077127"
    }, 
    {
        "date": "1579338107", 
        "tid": "14386291", 
        "price": "119989000", 
        "type": "sell", 
        "amount": "0.05790505"
    }, 
    {
        "date": "1579338107", 
        "tid": "14386290", 
        "price": "120094000", 
        "type": "sell", 
        "amount": "0.00195781"
    }, 
    {
        "date": "1579338065", 
        "tid": "14386289", 
        "price": "120094000", 
        "type": "sell", 
        "amount": "0.00150995"
    }, 
    {
        "date": "1579337987", 
        "tid": "14386288", 
        "price": "120150000", 
        "type": "buy", 
        "amount": "0.00181893"
    }, 
    {
        "date": "1579337929", 
        "tid": "14386287", 
        "price": "120150000", 
        "type": "buy", 
        "amount": "0.00407104"
    }, 
    {
        "date": "1579337929", 
        "tid": "14386286", 
        "price": "119987000", 
        "type": "buy", 
        "amount": "0.00215543"
    }, 
    {
        "date": "1579337849", 
        "tid": "14386285", 
        "price": "119987000", 
        "type": "buy", 
        "amount": "0.04677310"
    }, 
    {
        "date": "1579337826", 
        "tid": "14386284", 
        "price": "119987000", 
        "type": "buy", 
        "amount": "0.00109866"
    }, 
    {
        "date": "1579337757", 
        "tid": "14386283", 
        "price": "119987000", 
        "type": "buy", 
        "amount": "0.00588434"
    }, 
    {
        "date": "1579337640", 
        "tid": "14386282", 
        "price": "119987000", 
        "type": "buy", 
        "amount": "0.00830603"
    }, 
    {
        "date": "1579337626", 
        "tid": "14386281", 
        "price": "119987000", 
        "type": "sell", 
        "amount": "0.01747292"
    }, 
    {
        "date": "1579337626", 
        "tid": "14386280", 
        "price": "119988000", 
        "type": "sell", 
        "amount": "0.00195414"
    }, 
    {
        "date": "1579337616", 
        "tid": "14386279", 
        "price": "120192000", 
        "type": "buy", 
        "amount": "0.00782641"
    }, 
    {
        "date": "1579337616", 
        "tid": "14386278", 
        "price": "120189000", 
        "type": "buy", 
        "amount": "0.00085580"
    }, 
    {
        "date": "1579337616", 
        "tid": "14386277", 
        "price": "120150000", 
        "type": "buy", 
        "amount": "0.00301503"
    }, 
    {
        "date": "1579337599", 
        "tid": "14386276", 
        "price": "119988000", 
        "type": "buy", 
        "amount": "0.00046724"
    }, 
    {
        "date": "1579337507", 
        "tid": "14386275", 
        "price": "119987000", 
        "type": "sell", 
        "amount": "0.00042665"
    }, 
    {
        "date": "1579337340", 
        "tid": "14386274", 
        "price": "119987000", 
        "type": "sell", 
        "amount": "0.00042915"
    }, 
    {
        "date": "1579337326", 
        "tid": "14386273", 
        "price": "120194000", 
        "type": "buy", 
        "amount": "0.00322663"
    }, 
    {
        "date": "1579337326", 
        "tid": "14386272", 
        "price": "120166000", 
        "type": "buy", 
        "amount": "0.00252749"
    }, 
    {
        "date": "1579337314", 
        "tid": "14386271", 
        "price": "120194000", 
        "type": "buy", 
        "amount": "0.09461146"
    }, 
    {
        "date": "1579337314", 
        "tid": "14386270", 
        "price": "120166000", 
        "type": "buy", 
        "amount": "0.00112200"
    }, 
    {
        "date": "1579337314", 
        "tid": "14386269", 
        "price": "120161000", 
        "type": "buy", 
        "amount": "0.06163849"
    }, 
    {
        "date": "1579337314", 
        "tid": "14386268", 
        "price": "120150000", 
        "type": "buy", 
        "amount": "0.00831965"
    }, 
    {
        "date": "1579337314", 
        "tid": "14386267", 
        "price": "119994000", 
        "type": "buy", 
        "amount": "0.00421939"
    }, 
    {
        "date": "1579337306", 
        "tid": "14386266", 
        "price": "119994000", 
        "type": "buy", 
        "amount": "0.00961545"
    }, 
    {
        "date": "1579337179", 
        "tid": "14386265", 
        "price": "119995000", 
        "type": "sell", 
        "amount": "0.00831965"
    }, 
    {
        "date": "1579337136", 
        "tid": "14386264", 
        "price": "120164000", 
        "type": "buy", 
        "amount": "0.08075679"
    }, 
    {
        "date": "1579337136", 
        "tid": "14386263", 
        "price": "120132000", 
        "type": "buy", 
        "amount": "0.04081739"
    }, 
    {
        "date": "1579337136", 
        "tid": "14386262", 
        "price": "120122000", 
        "type": "buy", 
        "amount": "0.00256592"
    }, 
    {
        "date": "1579337136", 
        "tid": "14386261", 
        "price": "120111000", 
        "type": "buy", 
        "amount": "0.22963978"
    }, 
    {
        "date": "1579337136", 
        "tid": "14386260", 
        "price": "120108000", 
        "type": "buy", 
        "amount": "0.06163848"
    }, 
    {
        "date": "1579337057", 
        "tid": "14386259", 
        "price": "119985000", 
        "type": "sell", 
        "amount": "0.03620430"
    }, 
    {
        "date": "1579337057", 
        "tid": "14386258", 
        "price": "119998000", 
        "type": "sell", 
        "amount": "0.01379570"
    }, 
    {
        "date": "1579337051", 
        "tid": "14386257", 
        "price": "120111000", 
        "type": "buy", 
        "amount": "0.00082751"
    }, 
    {
        "date": "1579337029", 
        "tid": "14386256", 
        "price": "120111000", 
        "type": "buy", 
        "amount": "0.10975326"
    }, 
    {
        "date": "1579337029", 
        "tid": "14386255", 
        "price": "120102000", 
        "type": "buy", 
        "amount": "0.00513000"
    }, 
    {
        "date": "1579337029", 
        "tid": "14386254", 
        "price": "120100000", 
        "type": "buy", 
        "amount": "0.35547779"
    }, 
    {
        "date": "1579337029", 
        "tid": "14386253", 
        "price": "120099000", 
        "type": "buy", 
        "amount": "0.08414717"
    }, 
    {
        "date": "1579337029", 
        "tid": "14386252", 
        "price": "120097000", 
        "type": "buy", 
        "amount": "0.08296469"
    }, 
    {
        "date": "1579337029", 
        "tid": "14386251", 
        "price": "119999000", 
        "type": "buy", 
        "amount": "0.00173602"
    }, 
    {
        "date": "1579337004", 
        "tid": "14386250", 
        "price": "119999000", 
        "type": "buy", 
        "amount": "0.00415424"
    }, 
    {
        "date": "1579336992", 
        "tid": "14386249", 
        "price": "120096000", 
        "type": "buy", 
        "amount": "0.00335402"
    }, 
    {
        "date": "1579336992", 
        "tid": "14386248", 
        "price": "120000000", 
        "type": "buy", 
        "amount": "0.00626043"
    }, 
    {
        "date": "1579336973", 
        "tid": "14386247", 
        "price": "120096000", 
        "type": "buy", 
        "amount": "0.00430221"
    }, 
    {
        "date": "1579336973", 
        "tid": "14386246", 
        "price": "120094000", 
        "type": "buy", 
        "amount": "0.00074470"
    }, 
    {
        "date": "1579336973", 
        "tid": "14386245", 
        "price": "120032000", 
        "type": "buy", 
        "amount": "0.00067890"
    }, 
    {
        "date": "1579336973", 
        "tid": "14386244", 
        "price": "120011000", 
        "type": "buy", 
        "amount": "0.00110406"
    }, 
    {
        "date": "1579336973", 
        "tid": "14386243", 
        "price": "120000000", 
        "type": "buy", 
        "amount": "0.00021842"
    }, 
    {
        "date": "1579336947", 
        "tid": "14386242", 
        "price": "120000000", 
        "type": "buy", 
        "amount": "0.00745515"
    }, 
    {
        "date": "1579336933", 
        "tid": "14386241", 
        "price": "120000000", 
        "type": "buy", 
        "amount": "0.00362189"
    }, 
    {
        "date": "1579336933", 
        "tid": "14386240", 
        "price": "119999000", 
        "type": "buy", 
        "amount": "0.00383330"
    }, 
    {
        "date": "1579336926", 
        "tid": "14386239", 
        "price": "119999000", 
        "type": "buy", 
        "amount": "0.20544443"
    }, 
    {
        "date": "1579336914", 
        "tid": "14386238", 
        "price": "119999000", 
        "type": "buy", 
        "amount": "0.04154238"
    }, 
    {
        "date": "1579336912", 
        "tid": "14386237", 
        "price": "119999000", 
        "type": "buy", 
        "amount": "0.00745522"
    }, 
    {
        "date": "1579336910", 
        "tid": "14386236", 
        "price": "119998000", 
        "type": "sell", 
        "amount": "0.00051174"
    }, 
    {
        "date": "1579336904", 
        "tid": "14386235", 
        "price": "119999000", 
        "type": "buy", 
        "amount": "0.00745520"
    }, 
    {
        "date": "1579336849", 
        "tid": "14386234", 
        "price": "119999000", 
        "type": "buy", 
        "amount": "0.23280718"
    }, 
    {
        "date": "1579336814", 
        "tid": "14386233", 
        "price": "119999000", 
        "type": "buy", 
        "amount": "0.00205469"
    }, 
    {
        "date": "1579336773", 
        "tid": "14386232", 
        "price": "119985000", 
        "type": "sell", 
        "amount": "0.00146493"
    }, 
    {
        "date": "1579336693", 
        "tid": "14386231", 
        "price": "119986000", 
        "type": "buy", 
        "amount": "0.00367830"
    }, 
    {
        "date": "1579336672", 
        "tid": "14386230", 
        "price": "119986000", 
        "type": "buy", 
        "amount": "0.05575592"
    }, 
    {
        "date": "1579336653", 
        "tid": "14386229", 
        "price": "119986000", 
        "type": "buy", 
        "amount": "0.00367829"
    }, 
    {
        "date": "1579336609", 
        "tid": "14386228", 
        "price": "119986000", 
        "type": "buy", 
        "amount": "0.00347947"
    }, 
    {
        "date": "1579336594", 
        "tid": "14386227", 
        "price": "119986000", 
        "type": "buy", 
        "amount": "0.00745601"
    }, 
    {
        "date": "1579336586", 
        "tid": "14386226", 
        "price": "119986000", 
        "type": "buy", 
        "amount": "0.00248534"
    }, 
    {
        "date": "1579336578", 
        "tid": "14386225", 
        "price": "119985000", 
        "type": "buy", 
        "amount": "0.00245705"
    }, 
    {
        "date": "1579336577", 
        "tid": "14386224", 
        "price": "119985000", 
        "type": "buy", 
        "amount": "0.00246124"
    }, 
    {
        "date": "1579336577", 
        "tid": "14386223", 
        "price": "119985000", 
        "type": "buy", 
        "amount": "0.00246540"
    }, 
    {
        "date": "1579336576", 
        "tid": "14386222", 
        "price": "119985000", 
        "type": "buy", 
        "amount": "0.00246959"
    }, 
    {
        "date": "1579336575", 
        "tid": "14386221", 
        "price": "119985000", 
        "type": "buy", 
        "amount": "0.00247375"
    }, 
    {
        "date": "1579336574", 
        "tid": "14386220", 
        "price": "119985000", 
        "type": "buy", 
        "amount": "0.00044268"
    }, 
    {
        "date": "1579336573", 
        "tid": "14386219", 
        "price": "119985000", 
        "type": "buy", 
        "amount": "0.00745607"
    }, 
    {
        "date": "1579336560", 
        "tid": "14386218", 
        "price": "119985000", 
        "type": "buy", 
        "amount": "0.02635756"
    }, 
    {
        "date": "1579336554", 
        "tid": "14386217", 
        "price": "119985000", 
        "type": "buy", 
        "amount": "0.00248536"
    }, 
    {
        "date": "1579336537", 
        "tid": "14386216", 
        "price": "119985000", 
        "type": "buy", 
        "amount": "0.00745607"
    }, 
    {
        "date": "1579336529", 
        "tid": "14386215", 
        "price": "119985000", 
        "type": "buy", 
        "amount": "0.00701201"
    }, 
    {
        "date": "1579336506", 
        "tid": "14386214", 
        "price": "119985000", 
        "type": "buy", 
        "amount": "0.02665283"
    }, 
    {
        "date": "1579336506", 
        "tid": "14386213", 
        "price": "119983000", 
        "type": "buy", 
        "amount": "0.01569944"
    }, 
    {
        "date": "1579336506", 
        "tid": "14386212", 
        "price": "119941000", 
        "type": "buy", 
        "amount": "0.00112200"
    }, 
    {
        "date": "1579336470", 
        "tid": "14386211", 
        "price": "119981000", 
        "type": "buy", 
        "amount": "0.00495430"
    }, 
    {
        "date": "1579336460", 
        "tid": "14386210", 
        "price": "119635000", 
        "type": "sell", 
        "amount": "0.02805334"
    }, 
    {
        "date": "1579336460", 
        "tid": "14386209", 
        "price": "119709000", 
        "type": "sell", 
        "amount": "0.02506077"
    }, 
    {
        "date": "1579336460", 
        "tid": "14386208", 
        "price": "119715000", 
        "type": "sell", 
        "amount": "0.00112199"
    }, 
    {
        "date": "1579336460", 
        "tid": "14386207", 
        "price": "119719000", 
        "type": "sell", 
        "amount": "0.00041764"
    }, 
    {
        "date": "1579336460", 
        "tid": "14386206", 
        "price": "119720000", 
        "type": "sell", 
        "amount": "0.01077641"
    }
]