[
    {
        "date": "1579368992", 
        "tid": "14387748", 
        "price": "120555000", 
        "type": "sell", 
        "amount": "0.00082339"
    }, 
    {
        "date": "1579368988", 
        "tid": "14387747", 
        "price": "120653000", 
        "type": "buy", 
        "amount": "0.01392222"
    }, 
    {
        "date": "1579368988", 
        "tid": "14387746", 
        "price": "120650000", 
        "type": "buy", 
        "amount": "0.00027052"
    }, 
    {
        "date": "1579368978", 
        "tid": "14387745", 
        "price": "120650000", 
        "type": "buy", 
        "amount": "0.02257969"
    }, 
    {
        "date": "1579368978", 
        "tid": "14387744", 
        "price": "120556000", 
        "type": "buy", 
        "amount": "0.00272315"
    }, 
    {
        "date": "1579368956", 
        "tid": "14387743", 
        "price": "120555000", 
        "type": "sell", 
        "amount": "0.00116636"
    }, 
    {
        "date": "1579368913", 
        "tid": "14387742", 
        "price": "120653000", 
        "type": "buy", 
        "amount": "0.00493661"
    }, 
    {
        "date": "1579368859", 
        "tid": "14387741", 
        "price": "120653000", 
        "type": "buy", 
        "amount": "0.00792860"
    }, 
    {
        "date": "1579368846", 
        "tid": "14387740", 
        "price": "120653000", 
        "type": "buy", 
        "amount": "0.00711746"
    }, 
    {
        "date": "1579368846", 
        "tid": "14387739", 
        "price": "120650000", 
        "type": "buy", 
        "amount": "0.00152164"
    }, 
    {
        "date": "1579368797", 
        "tid": "14387738", 
        "price": "120653000", 
        "type": "buy", 
        "amount": "0.00617075"
    }, 
    {
        "date": "1579368789", 
        "tid": "14387737", 
        "price": "120653000", 
        "type": "buy", 
        "amount": "0.00381233"
    }, 
    {
        "date": "1579368789", 
        "tid": "14387736", 
        "price": "120644000", 
        "type": "buy", 
        "amount": "0.00050725"
    }, 
    {
        "date": "1579368774", 
        "tid": "14387735", 
        "price": "120654000", 
        "type": "buy", 
        "amount": "0.00025388"
    }, 
    {
        "date": "1579368774", 
        "tid": "14387734", 
        "price": "120644000", 
        "type": "buy", 
        "amount": "0.00159747"
    }, 
    {
        "date": "1579368758", 
        "tid": "14387733", 
        "price": "120644000", 
        "type": "buy", 
        "amount": "0.00287941"
    }, 
    {
        "date": "1579368758", 
        "tid": "14387732", 
        "price": "120632000", 
        "type": "buy", 
        "amount": "0.00020623"
    }, 
    {
        "date": "1579368732", 
        "tid": "14387731", 
        "price": "120632000", 
        "type": "buy", 
        "amount": "0.00023411"
    }, 
    {
        "date": "1579368732", 
        "tid": "14387730", 
        "price": "120619000", 
        "type": "buy", 
        "amount": "0.00256592"
    }, 
    {
        "date": "1579368732", 
        "tid": "14387729", 
        "price": "120617000", 
        "type": "buy", 
        "amount": "0.00112200"
    }, 
    {
        "date": "1579368732", 
        "tid": "14387728", 
        "price": "120600000", 
        "type": "buy", 
        "amount": "0.00039880"
    }, 
    {
        "date": "1579368692", 
        "tid": "14387727", 
        "price": "120600000", 
        "type": "buy", 
        "amount": "0.01358163"
    }, 
    {
        "date": "1579368680", 
        "tid": "14387726", 
        "price": "120600000", 
        "type": "buy", 
        "amount": "0.00370407"
    }, 
    {
        "date": "1579368672", 
        "tid": "14387725", 
        "price": "120600000", 
        "type": "buy", 
        "amount": "0.00432143"
    }, 
    {
        "date": "1579368660", 
        "tid": "14387724", 
        "price": "120600000", 
        "type": "buy", 
        "amount": "0.00432189"
    }, 
    {
        "date": "1579368652", 
        "tid": "14387723", 
        "price": "120600000", 
        "type": "buy", 
        "amount": "0.00482958"
    }, 
    {
        "date": "1579368652", 
        "tid": "14387722", 
        "price": "120574000", 
        "type": "buy", 
        "amount": "0.00265944"
    }, 
    {
        "date": "1579368648", 
        "tid": "14387721", 
        "price": "120489000", 
        "type": "buy", 
        "amount": "0.00756700"
    }, 
    {
        "date": "1579368558", 
        "tid": "14387720", 
        "price": "120489000", 
        "type": "buy", 
        "amount": "0.00184987"
    }, 
    {
        "date": "1579368493", 
        "tid": "14387719", 
        "price": "120480000", 
        "type": "sell", 
        "amount": "0.00149900"
    }, 
    {
        "date": "1579368468", 
        "tid": "14387718", 
        "price": "120489000", 
        "type": "buy", 
        "amount": "0.00760301"
    }, 
    {
        "date": "1579368466", 
        "tid": "14387717", 
        "price": "120489000", 
        "type": "buy", 
        "amount": "0.01226622"
    }, 
    {
        "date": "1579368451", 
        "tid": "14387716", 
        "price": "120489000", 
        "type": "buy", 
        "amount": "0.00855347"
    }, 
    {
        "date": "1579368413", 
        "tid": "14387715", 
        "price": "120489000", 
        "type": "buy", 
        "amount": "0.00285288"
    }, 
    {
        "date": "1579368388", 
        "tid": "14387714", 
        "price": "120489000", 
        "type": "buy", 
        "amount": "0.01049054"
    }, 
    {
        "date": "1579368372", 
        "tid": "14387713", 
        "price": "120379000", 
        "type": "sell", 
        "amount": "0.00171844"
    }, 
    {
        "date": "1579368361", 
        "tid": "14387712", 
        "price": "120489000", 
        "type": "buy", 
        "amount": "0.02826871"
    }, 
    {
        "date": "1579368361", 
        "tid": "14387711", 
        "price": "120487000", 
        "type": "buy", 
        "amount": "0.00987886"
    }, 
    {
        "date": "1579368308", 
        "tid": "14387710", 
        "price": "120368000", 
        "type": "sell", 
        "amount": "0.00293793"
    }, 
    {
        "date": "1579368176", 
        "tid": "14387709", 
        "price": "120487000", 
        "type": "buy", 
        "amount": "0.00232586"
    }, 
    {
        "date": "1579368176", 
        "tid": "14387708", 
        "price": "120346000", 
        "type": "buy", 
        "amount": "0.00087754"
    }, 
    {
        "date": "1579368123", 
        "tid": "14387707", 
        "price": "120344000", 
        "type": "sell", 
        "amount": "0.00923675"
    }, 
    {
        "date": "1579368123", 
        "tid": "14387706", 
        "price": "120345000", 
        "type": "sell", 
        "amount": "0.00195065"
    }, 
    {
        "date": "1579368088", 
        "tid": "14387705", 
        "price": "120345000", 
        "type": "sell", 
        "amount": "0.00054219"
    }, 
    {
        "date": "1579367962", 
        "tid": "14387704", 
        "price": "120488000", 
        "type": "buy", 
        "amount": "0.00082747"
    }, 
    {
        "date": "1579367933", 
        "tid": "14387703", 
        "price": "120343000", 
        "type": "sell", 
        "amount": "0.15564147"
    }, 
    {
        "date": "1579367933", 
        "tid": "14387702", 
        "price": "120345000", 
        "type": "sell", 
        "amount": "0.01019882"
    }, 
    {
        "date": "1579367865", 
        "tid": "14387701", 
        "price": "120343000", 
        "type": "sell", 
        "amount": "0.02223841"
    }, 
    {
        "date": "1579367847", 
        "tid": "14387700", 
        "price": "120342000", 
        "type": "sell", 
        "amount": "0.09519641"
    }, 
    {
        "date": "1579367847", 
        "tid": "14387699", 
        "price": "120371000", 
        "type": "sell", 
        "amount": "0.00682815"
    }, 
    {
        "date": "1579367847", 
        "tid": "14387698", 
        "price": "120372000", 
        "type": "sell", 
        "amount": "0.00554783"
    }, 
    {
        "date": "1579367847", 
        "tid": "14387697", 
        "price": "120373000", 
        "type": "sell", 
        "amount": "0.00426752"
    }, 
    {
        "date": "1579367847", 
        "tid": "14387696", 
        "price": "120374000", 
        "type": "sell", 
        "amount": "0.00298724"
    }, 
    {
        "date": "1579367847", 
        "tid": "14387695", 
        "price": "120404000", 
        "type": "sell", 
        "amount": "0.00077960"
    }, 
    {
        "date": "1579367847", 
        "tid": "14387694", 
        "price": "120405000", 
        "type": "sell", 
        "amount": "0.00830530"
    }, 
    {
        "date": "1579367847", 
        "tid": "14387693", 
        "price": "120573000", 
        "type": "sell", 
        "amount": "0.09822237"
    }, 
    {
        "date": "1579367621", 
        "tid": "14387692", 
        "price": "120489000", 
        "type": "sell", 
        "amount": "0.00077959"
    }, 
    {
        "date": "1579367587", 
        "tid": "14387691", 
        "price": "120599000", 
        "type": "buy", 
        "amount": "0.00082671"
    }, 
    {
        "date": "1579367459", 
        "tid": "14387690", 
        "price": "120595000", 
        "type": "buy", 
        "amount": "0.13756787"
    }, 
    {
        "date": "1579367459", 
        "tid": "14387689", 
        "price": "120574000", 
        "type": "buy", 
        "amount": "0.00077960"
    }, 
    {
        "date": "1579367459", 
        "tid": "14387688", 
        "price": "120565000", 
        "type": "buy", 
        "amount": "0.00074470"
    }, 
    {
        "date": "1579367459", 
        "tid": "14387687", 
        "price": "120513000", 
        "type": "buy", 
        "amount": "0.00116570"
    }, 
    {
        "date": "1579367459", 
        "tid": "14387686", 
        "price": "120512000", 
        "type": "buy", 
        "amount": "0.00560421"
    }, 
    {
        "date": "1579367459", 
        "tid": "14387685", 
        "price": "120489000", 
        "type": "buy", 
        "amount": "0.01950840"
    }, 
    {
        "date": "1579367304", 
        "tid": "14387684", 
        "price": "120327000", 
        "type": "sell", 
        "amount": "0.31394683"
    }, 
    {
        "date": "1579367304", 
        "tid": "14387683", 
        "price": "120330000", 
        "type": "sell", 
        "amount": "0.00074469"
    }, 
    {
        "date": "1579367304", 
        "tid": "14387682", 
        "price": "120404000", 
        "type": "sell", 
        "amount": "0.00077960"
    }, 
    {
        "date": "1579367304", 
        "tid": "14387681", 
        "price": "120489000", 
        "type": "sell", 
        "amount": "0.00077959"
    }, 
    {
        "date": "1579367304", 
        "tid": "14387680", 
        "price": "120499000", 
        "type": "sell", 
        "amount": "0.00087676"
    }, 
    {
        "date": "1579367304", 
        "tid": "14387679", 
        "price": "120500000", 
        "type": "sell", 
        "amount": "0.00829875"
    }, 
    {
        "date": "1579367304", 
        "tid": "14387678", 
        "price": "120509000", 
        "type": "sell", 
        "amount": "0.00503271"
    }, 
    {
        "date": "1579367228", 
        "tid": "14387677", 
        "price": "120511000", 
        "type": "sell", 
        "amount": "0.00519727"
    }, 
    {
        "date": "1579367040", 
        "tid": "14387676", 
        "price": "120513000", 
        "type": "buy", 
        "amount": "0.05791128"
    }, 
    {
        "date": "1579367024", 
        "tid": "14387675", 
        "price": "120513000", 
        "type": "buy", 
        "amount": "0.00670116"
    }, 
    {
        "date": "1579367023", 
        "tid": "14387674", 
        "price": "120511000", 
        "type": "sell", 
        "amount": "0.00822996"
    }, 
    {
        "date": "1579367023", 
        "tid": "14387673", 
        "price": "120512000", 
        "type": "sell", 
        "amount": "0.00342880"
    }, 
    {
        "date": "1579366767", 
        "tid": "14387672", 
        "price": "120600000", 
        "type": "buy", 
        "amount": "0.00364290"
    }, 
    {
        "date": "1579366767", 
        "tid": "14387671", 
        "price": "120591000", 
        "type": "buy", 
        "amount": "0.00638019"
    }, 
    {
        "date": "1579366751", 
        "tid": "14387670", 
        "price": "120512000", 
        "type": "sell", 
        "amount": "0.00045669"
    }, 
    {
        "date": "1579366561", 
        "tid": "14387669", 
        "price": "120591000", 
        "type": "buy", 
        "amount": "0.00132204"
    }, 
    {
        "date": "1579366561", 
        "tid": "14387668", 
        "price": "120574000", 
        "type": "buy", 
        "amount": "0.00077960"
    }, 
    {
        "date": "1579366561", 
        "tid": "14387667", 
        "price": "120565000", 
        "type": "buy", 
        "amount": "0.00074470"
    }, 
    {
        "date": "1579366561", 
        "tid": "14387666", 
        "price": "120563000", 
        "type": "buy", 
        "amount": "0.00370000"
    }, 
    {
        "date": "1579366561", 
        "tid": "14387665", 
        "price": "120560000", 
        "type": "buy", 
        "amount": "0.00094307"
    }, 
    {
        "date": "1579366561", 
        "tid": "14387664", 
        "price": "120512000", 
        "type": "buy", 
        "amount": "0.00078019"
    }, 
    {
        "date": "1579366379", 
        "tid": "14387663", 
        "price": "120506000", 
        "type": "buy", 
        "amount": "0.02564791"
    }, 
    {
        "date": "1579366360", 
        "tid": "14387662", 
        "price": "120506000", 
        "type": "buy", 
        "amount": "0.00041368"
    }, 
    {
        "date": "1579366278", 
        "tid": "14387661", 
        "price": "120507000", 
        "type": "buy", 
        "amount": "0.00081079"
    }, 
    {
        "date": "1579366271", 
        "tid": "14387660", 
        "price": "120507000", 
        "type": "buy", 
        "amount": "0.00908334"
    }, 
    {
        "date": "1579366271", 
        "tid": "14387659", 
        "price": "120500000", 
        "type": "buy", 
        "amount": "0.00901952"
    }, 
    {
        "date": "1579366250", 
        "tid": "14387658", 
        "price": "120489000", 
        "type": "buy", 
        "amount": "0.00077960"
    }, 
    {
        "date": "1579366250", 
        "tid": "14387657", 
        "price": "120484000", 
        "type": "buy", 
        "amount": "0.00477500"
    }, 
    {
        "date": "1579366229", 
        "tid": "14387656", 
        "price": "120404000", 
        "type": "buy", 
        "amount": "0.00077960"
    }, 
    {
        "date": "1579366209", 
        "tid": "14387655", 
        "price": "120319000", 
        "type": "buy", 
        "amount": "0.00534380"
    }, 
    {
        "date": "1579366091", 
        "tid": "14387654", 
        "price": "120318000", 
        "type": "sell", 
        "amount": "0.13072753"
    }, 
    {
        "date": "1579366079", 
        "tid": "14387653", 
        "price": "120319000", 
        "type": "buy", 
        "amount": "0.00204674"
    }, 
    {
        "date": "1579366051", 
        "tid": "14387652", 
        "price": "120319000", 
        "type": "buy", 
        "amount": "0.00144171"
    }, 
    {
        "date": "1579365949", 
        "tid": "14387651", 
        "price": "120318000", 
        "type": "sell", 
        "amount": "0.03273698"
    }, 
    {
        "date": "1579365863", 
        "tid": "14387650", 
        "price": "120286000", 
        "type": "buy", 
        "amount": "0.00422500"
    }, 
    {
        "date": "1579365837", 
        "tid": "14387649", 
        "price": "120285000", 
        "type": "sell", 
        "amount": "0.00058700"
    }, 
    {
        "date": "1579365786", 
        "tid": "14387648", 
        "price": "120285000", 
        "type": "sell", 
        "amount": "0.00788005"
    }, 
    {
        "date": "1579365783", 
        "tid": "14387647", 
        "price": "120285000", 
        "type": "buy", 
        "amount": "0.00391500"
    }, 
    {
        "date": "1579365737", 
        "tid": "14387646", 
        "price": "120284000", 
        "type": "sell", 
        "amount": "0.00337845"
    }, 
    {
        "date": "1579365677", 
        "tid": "14387645", 
        "price": "120285000", 
        "type": "buy", 
        "amount": "0.00074598"
    }, 
    {
        "date": "1579365674", 
        "tid": "14387644", 
        "price": "120285000", 
        "type": "buy", 
        "amount": "0.00045599"
    }, 
    {
        "date": "1579365674", 
        "tid": "14387643", 
        "price": "120255000", 
        "type": "buy", 
        "amount": "0.00029008"
    }, 
    {
        "date": "1579365671", 
        "tid": "14387642", 
        "price": "120255000", 
        "type": "buy", 
        "amount": "0.00215100"
    }, 
    {
        "date": "1579365671", 
        "tid": "14387641", 
        "price": "120224000", 
        "type": "buy", 
        "amount": "0.00166320"
    }, 
    {
        "date": "1579365670", 
        "tid": "14387640", 
        "price": "120224000", 
        "type": "buy", 
        "amount": "0.00077788"
    }, 
    {
        "date": "1579365651", 
        "tid": "14387639", 
        "price": "120180000", 
        "type": "sell", 
        "amount": "0.11640987"
    }, 
    {
        "date": "1579365651", 
        "tid": "14387638", 
        "price": "120181000", 
        "type": "sell", 
        "amount": "0.18768456"
    }, 
    {
        "date": "1579365651", 
        "tid": "14387637", 
        "price": "120193000", 
        "type": "sell", 
        "amount": "0.00244109"
    }, 
    {
        "date": "1579365651", 
        "tid": "14387636", 
        "price": "120200000", 
        "type": "sell", 
        "amount": "0.00249584"
    }, 
    {
        "date": "1579365651", 
        "tid": "14387635", 
        "price": "120201000", 
        "type": "sell", 
        "amount": "0.00551836"
    }, 
    {
        "date": "1579365651", 
        "tid": "14387634", 
        "price": "120202000", 
        "type": "sell", 
        "amount": "0.00166386"
    }, 
    {
        "date": "1579365651", 
        "tid": "14387633", 
        "price": "120208000", 
        "type": "sell", 
        "amount": "0.00832308"
    }, 
    {
        "date": "1579365651", 
        "tid": "14387632", 
        "price": "120209000", 
        "type": "sell", 
        "amount": "0.00087754"
    }, 
    {
        "date": "1579365651", 
        "tid": "14387631", 
        "price": "120224000", 
        "type": "sell", 
        "amount": "0.01014331"
    }, 
    {
        "date": "1579365651", 
        "tid": "14387630", 
        "price": "120226000", 
        "type": "sell", 
        "amount": "0.01176302"
    }, 
    {
        "date": "1579365651", 
        "tid": "14387629", 
        "price": "120234000", 
        "type": "sell", 
        "amount": "0.00077959"
    }, 
    {
        "date": "1579365651", 
        "tid": "14387628", 
        "price": "120235000", 
        "type": "sell", 
        "amount": "0.03452564"
    }, 
    {
        "date": "1579365651", 
        "tid": "14387627", 
        "price": "120250000", 
        "type": "sell", 
        "amount": "0.00050471"
    }, 
    {
        "date": "1579365651", 
        "tid": "14387626", 
        "price": "120255000", 
        "type": "sell", 
        "amount": "0.00244107"
    }, 
    {
        "date": "1579365651", 
        "tid": "14387625", 
        "price": "120260000", 
        "type": "sell", 
        "amount": "0.02285021"
    }, 
    {
        "date": "1579365651", 
        "tid": "14387624", 
        "price": "120267000", 
        "type": "sell", 
        "amount": "0.00044033"
    }, 
    {
        "date": "1579365651", 
        "tid": "14387623", 
        "price": "120285000", 
        "type": "sell", 
        "amount": "0.00244109"
    }, 
    {
        "date": "1579365651", 
        "tid": "14387622", 
        "price": "120300000", 
        "type": "sell", 
        "amount": "0.00266251"
    }, 
    {
        "date": "1579365651", 
        "tid": "14387621", 
        "price": "120301000", 
        "type": "sell", 
        "amount": "0.01417386"
    }, 
    {
        "date": "1579365651", 
        "tid": "14387620", 
        "price": "120310000", 
        "type": "sell", 
        "amount": "0.00073139"
    }, 
    {
        "date": "1579365651", 
        "tid": "14387619", 
        "price": "120316000", 
        "type": "sell", 
        "amount": "0.00244108"
    }, 
    {
        "date": "1579365651", 
        "tid": "14387618", 
        "price": "120319000", 
        "type": "sell", 
        "amount": "0.00077959"
    }, 
    {
        "date": "1579365651", 
        "tid": "14387617", 
        "price": "120330000", 
        "type": "sell", 
        "amount": "0.00074469"
    }, 
    {
        "date": "1579365651", 
        "tid": "14387616", 
        "price": "120346000", 
        "type": "sell", 
        "amount": "0.00244109"
    }, 
    {
        "date": "1579365651", 
        "tid": "14387615", 
        "price": "120351000", 
        "type": "sell", 
        "amount": "0.00067889"
    }, 
    {
        "date": "1579365651", 
        "tid": "14387614", 
        "price": "120370000", 
        "type": "sell", 
        "amount": "0.00256593"
    }, 
    {
        "date": "1579365651", 
        "tid": "14387613", 
        "price": "120377000", 
        "type": "sell", 
        "amount": "0.00244108"
    }, 
    {
        "date": "1579365651", 
        "tid": "14387612", 
        "price": "120380000", 
        "type": "sell", 
        "amount": "0.00893691"
    }, 
    {
        "date": "1579365651", 
        "tid": "14387611", 
        "price": "120392000", 
        "type": "sell", 
        "amount": "0.00056508"
    }, 
    {
        "date": "1579365651", 
        "tid": "14387610", 
        "price": "120400000", 
        "type": "sell", 
        "amount": "0.15901470"
    }, 
    {
        "date": "1579365651", 
        "tid": "14387609", 
        "price": "120404000", 
        "type": "sell", 
        "amount": "0.00077960"
    }, 
    {
        "date": "1579365651", 
        "tid": "14387608", 
        "price": "120408000", 
        "type": "sell", 
        "amount": "0.00244107"
    }, 
    {
        "date": "1579365651", 
        "tid": "14387607", 
        "price": "120414000", 
        "type": "sell", 
        "amount": "0.00833223"
    }, 
    {
        "date": "1579365651", 
        "tid": "14387606", 
        "price": "120420000", 
        "type": "sell", 
        "amount": "0.00200234"
    }, 
    {
        "date": "1579365651", 
        "tid": "14387605", 
        "price": "120421000", 
        "type": "sell", 
        "amount": "0.02934516"
    }, 
    {
        "date": "1579365436", 
        "tid": "14387604", 
        "price": "120420000", 
        "type": "sell", 
        "amount": "0.00190000"
    }, 
    {
        "date": "1579365288", 
        "tid": "14387603", 
        "price": "120415000", 
        "type": "buy", 
        "amount": "0.00422500"
    }, 
    {
        "date": "1579365176", 
        "tid": "14387602", 
        "price": "120415000", 
        "type": "buy", 
        "amount": "0.03622561"
    }, 
    {
        "date": "1579365144", 
        "tid": "14387601", 
        "price": "120415000", 
        "type": "buy", 
        "amount": "0.00243425"
    }, 
    {
        "date": "1579365143", 
        "tid": "14387600", 
        "price": "120415000", 
        "type": "buy", 
        "amount": "0.00243673"
    }, 
    {
        "date": "1579365142", 
        "tid": "14387599", 
        "price": "120415000", 
        "type": "buy", 
        "amount": "0.00243550"
    }
]