[
    {
        "date": "1579309825", 
        "tid": "14384894", 
        "price": "121115000", 
        "type": "buy", 
        "amount": "0.08231920"
    }, 
    {
        "date": "1579309824", 
        "tid": "14384893", 
        "price": "121115000", 
        "type": "sell", 
        "amount": "0.00256593"
    }, 
    {
        "date": "1579309820", 
        "tid": "14384892", 
        "price": "121116000", 
        "type": "buy", 
        "amount": "0.00082318"
    }, 
    {
        "date": "1579309815", 
        "tid": "14384891", 
        "price": "121131000", 
        "type": "sell", 
        "amount": "0.11459999"
    }, 
    {
        "date": "1579309786", 
        "tid": "14384890", 
        "price": "121139000", 
        "type": "sell", 
        "amount": "0.00113918"
    }, 
    {
        "date": "1579309771", 
        "tid": "14384889", 
        "price": "121220000", 
        "type": "sell", 
        "amount": "0.07424517"
    }, 
    {
        "date": "1579309770", 
        "tid": "14384888", 
        "price": "121221000", 
        "type": "buy", 
        "amount": "0.08224721"
    }, 
    {
        "date": "1579309748", 
        "tid": "14384887", 
        "price": "121240000", 
        "type": "sell", 
        "amount": "0.27677107"
    }, 
    {
        "date": "1579309740", 
        "tid": "14384886", 
        "price": "121250000", 
        "type": "sell", 
        "amount": "0.00824742"
    }, 
    {
        "date": "1579309716", 
        "tid": "14384885", 
        "price": "121297000", 
        "type": "sell", 
        "amount": "0.26097847"
    }, 
    {
        "date": "1579309707", 
        "tid": "14384884", 
        "price": "121298000", 
        "type": "buy", 
        "amount": "0.08851581"
    }, 
    {
        "date": "1579309679", 
        "tid": "14384883", 
        "price": "121297000", 
        "type": "sell", 
        "amount": "0.00573090"
    }, 
    {
        "date": "1579309568", 
        "tid": "14384882", 
        "price": "121399000", 
        "type": "buy", 
        "amount": "0.00068608"
    }, 
    {
        "date": "1579309568", 
        "tid": "14384881", 
        "price": "121378000", 
        "type": "buy", 
        "amount": "0.00528017"
    }, 
    {
        "date": "1579309568", 
        "tid": "14384880", 
        "price": "121375000", 
        "type": "buy", 
        "amount": "0.00074245"
    }, 
    {
        "date": "1579309568", 
        "tid": "14384879", 
        "price": "121364000", 
        "type": "buy", 
        "amount": "0.00300626"
    }, 
    {
        "date": "1579309568", 
        "tid": "14384878", 
        "price": "121350000", 
        "type": "buy", 
        "amount": "0.00579515"
    }, 
    {
        "date": "1579309529", 
        "tid": "14384877", 
        "price": "121350000", 
        "type": "buy", 
        "amount": "0.00282069"
    }, 
    {
        "date": "1579309529", 
        "tid": "14384876", 
        "price": "121308000", 
        "type": "buy", 
        "amount": "0.00067890"
    }, 
    {
        "date": "1579309529", 
        "tid": "14384875", 
        "price": "121301000", 
        "type": "buy", 
        "amount": "0.00247931"
    }, 
    {
        "date": "1579309488", 
        "tid": "14384874", 
        "price": "121240000", 
        "type": "sell", 
        "amount": "0.03650569"
    }, 
    {
        "date": "1579309488", 
        "tid": "14384873", 
        "price": "121300000", 
        "type": "sell", 
        "amount": "0.02349431"
    }, 
    {
        "date": "1579309485", 
        "tid": "14384872", 
        "price": "121300000", 
        "type": "buy", 
        "amount": "0.03767595"
    }, 
    {
        "date": "1579309485", 
        "tid": "14384871", 
        "price": "121241000", 
        "type": "buy", 
        "amount": "0.03340611"
    }, 
    {
        "date": "1579309442", 
        "tid": "14384870", 
        "price": "121241000", 
        "type": "buy", 
        "amount": "0.00044195"
    }, 
    {
        "date": "1579309357", 
        "tid": "14384869", 
        "price": "121300000", 
        "type": "buy", 
        "amount": "0.00801115"
    }, 
    {
        "date": "1579309342", 
        "tid": "14384868", 
        "price": "121239000", 
        "type": "sell", 
        "amount": "0.09311847"
    }, 
    {
        "date": "1579309342", 
        "tid": "14384867", 
        "price": "121299000", 
        "type": "sell", 
        "amount": "0.00688153"
    }, 
    {
        "date": "1579309299", 
        "tid": "14384866", 
        "price": "121232000", 
        "type": "sell", 
        "amount": "0.00890980"
    }, 
    {
        "date": "1579309298", 
        "tid": "14384865", 
        "price": "121232000", 
        "type": "sell", 
        "amount": "0.02854634"
    }, 
    {
        "date": "1579309296", 
        "tid": "14384864", 
        "price": "121221000", 
        "type": "sell", 
        "amount": "0.20000000"
    }, 
    {
        "date": "1579309276", 
        "tid": "14384863", 
        "price": "121300000", 
        "type": "buy", 
        "amount": "0.04015993"
    }, 
    {
        "date": "1579309268", 
        "tid": "14384862", 
        "price": "121300000", 
        "type": "buy", 
        "amount": "0.06023990"
    }, 
    {
        "date": "1579309258", 
        "tid": "14384861", 
        "price": "121225000", 
        "type": "sell", 
        "amount": "0.20000000"
    }, 
    {
        "date": "1579309232", 
        "tid": "14384860", 
        "price": "121221000", 
        "type": "sell", 
        "amount": "0.00713717"
    }, 
    {
        "date": "1579309224", 
        "tid": "14384859", 
        "price": "121221000", 
        "type": "sell", 
        "amount": "0.00178800"
    }, 
    {
        "date": "1579309218", 
        "tid": "14384858", 
        "price": "121299000", 
        "type": "buy", 
        "amount": "0.11892260"
    }, 
    {
        "date": "1579309218", 
        "tid": "14384857", 
        "price": "121294000", 
        "type": "buy", 
        "amount": "0.00112200"
    }, 
    {
        "date": "1579309218", 
        "tid": "14384856", 
        "price": "121284000", 
        "type": "buy", 
        "amount": "0.00091486"
    }, 
    {
        "date": "1579309218", 
        "tid": "14384855", 
        "price": "121272000", 
        "type": "buy", 
        "amount": "0.00074470"
    }, 
    {
        "date": "1579309218", 
        "tid": "14384854", 
        "price": "121255000", 
        "type": "buy", 
        "amount": "0.00042987"
    }, 
    {
        "date": "1579309218", 
        "tid": "14384853", 
        "price": "121250000", 
        "type": "buy", 
        "amount": "0.02841712"
    }, 
    {
        "date": "1579309150", 
        "tid": "14384852", 
        "price": "121202000", 
        "type": "sell", 
        "amount": "0.00713829"
    }, 
    {
        "date": "1579309096", 
        "tid": "14384851", 
        "price": "121199000", 
        "type": "sell", 
        "amount": "0.08422500"
    }, 
    {
        "date": "1579309083", 
        "tid": "14384850", 
        "price": "121250000", 
        "type": "buy", 
        "amount": "0.00328910"
    }, 
    {
        "date": "1579309025", 
        "tid": "14384849", 
        "price": "121199000", 
        "type": "sell", 
        "amount": "0.00761230"
    }, 
    {
        "date": "1579309010", 
        "tid": "14384848", 
        "price": "121199000", 
        "type": "sell", 
        "amount": "0.00112501"
    }, 
    {
        "date": "1579308940", 
        "tid": "14384847", 
        "price": "121250000", 
        "type": "buy", 
        "amount": "0.00132040"
    }, 
    {
        "date": "1579308940", 
        "tid": "14384846", 
        "price": "121224000", 
        "type": "buy", 
        "amount": "0.00244472"
    }, 
    {
        "date": "1579308940", 
        "tid": "14384845", 
        "price": "121220000", 
        "type": "buy", 
        "amount": "0.00054281"
    }, 
    {
        "date": "1579308940", 
        "tid": "14384844", 
        "price": "121207000", 
        "type": "buy", 
        "amount": "0.00100000"
    }, 
    {
        "date": "1579308940", 
        "tid": "14384843", 
        "price": "121200000", 
        "type": "buy", 
        "amount": "0.01032062"
    }, 
    {
        "date": "1579308939", 
        "tid": "14384842", 
        "price": "121200000", 
        "type": "buy", 
        "amount": "0.00417095"
    }, 
    {
        "date": "1579308895", 
        "tid": "14384841", 
        "price": "121199000", 
        "type": "sell", 
        "amount": "0.00642977"
    }, 
    {
        "date": "1579308660", 
        "tid": "14384840", 
        "price": "121199000", 
        "type": "sell", 
        "amount": "0.00126860"
    }, 
    {
        "date": "1579308622", 
        "tid": "14384839", 
        "price": "121199000", 
        "type": "sell", 
        "amount": "0.00200000"
    }, 
    {
        "date": "1579308597", 
        "tid": "14384838", 
        "price": "121200000", 
        "type": "buy", 
        "amount": "0.00109744"
    }, 
    {
        "date": "1579308509", 
        "tid": "14384837", 
        "price": "121141000", 
        "type": "sell", 
        "amount": "0.00294354"
    }, 
    {
        "date": "1579308475", 
        "tid": "14384836", 
        "price": "121200000", 
        "type": "buy", 
        "amount": "0.00649077"
    }, 
    {
        "date": "1579308470", 
        "tid": "14384835", 
        "price": "121200000", 
        "type": "buy", 
        "amount": "0.00649077"
    }, 
    {
        "date": "1579308430", 
        "tid": "14384834", 
        "price": "121172000", 
        "type": "sell", 
        "amount": "0.42331117"
    }, 
    {
        "date": "1579308430", 
        "tid": "14384833", 
        "price": "121198000", 
        "type": "sell", 
        "amount": "0.00075347"
    }, 
    {
        "date": "1579308430", 
        "tid": "14384832", 
        "price": "121199000", 
        "type": "sell", 
        "amount": "0.41522764"
    }, 
    {
        "date": "1579308413", 
        "tid": "14384831", 
        "price": "121199000", 
        "type": "sell", 
        "amount": "0.36869099"
    }, 
    {
        "date": "1579308401", 
        "tid": "14384830", 
        "price": "121200000", 
        "type": "buy", 
        "amount": "0.01148369"
    }, 
    {
        "date": "1579308401", 
        "tid": "14384829", 
        "price": "121199000", 
        "type": "sell", 
        "amount": "0.00827805"
    }, 
    {
        "date": "1579308351", 
        "tid": "14384828", 
        "price": "121199000", 
        "type": "sell", 
        "amount": "0.00164500"
    }, 
    {
        "date": "1579308340", 
        "tid": "14384827", 
        "price": "121200000", 
        "type": "buy", 
        "amount": "0.03012005"
    }, 
    {
        "date": "1579308255", 
        "tid": "14384826", 
        "price": "121200000", 
        "type": "buy", 
        "amount": "0.00255010"
    }, 
    {
        "date": "1579308130", 
        "tid": "14384825", 
        "price": "121200000", 
        "type": "buy", 
        "amount": "0.00420735"
    }, 
    {
        "date": "1579308099", 
        "tid": "14384824", 
        "price": "121200000", 
        "type": "buy", 
        "amount": "0.00701226"
    }, 
    {
        "date": "1579308090", 
        "tid": "14384823", 
        "price": "121200000", 
        "type": "buy", 
        "amount": "0.00701226"
    }, 
    {
        "date": "1579308087", 
        "tid": "14384822", 
        "price": "121199000", 
        "type": "sell", 
        "amount": "0.00101616"
    }, 
    {
        "date": "1579308067", 
        "tid": "14384821", 
        "price": "121105000", 
        "type": "buy", 
        "amount": "0.00042308"
    }, 
    {
        "date": "1579308056", 
        "tid": "14384820", 
        "price": "121199000", 
        "type": "sell", 
        "amount": "0.00141027"
    }, 
    {
        "date": "1579308049", 
        "tid": "14384819", 
        "price": "121200000", 
        "type": "sell", 
        "amount": "0.02995873"
    }, 
    {
        "date": "1579308049", 
        "tid": "14384818", 
        "price": "121201000", 
        "type": "sell", 
        "amount": "0.00299136"
    }, 
    {
        "date": "1579308049", 
        "tid": "14384817", 
        "price": "121202000", 
        "type": "sell", 
        "amount": "0.18653057"
    }, 
    {
        "date": "1579308049", 
        "tid": "14384816", 
        "price": "121203000", 
        "type": "sell", 
        "amount": "0.60862354"
    }, 
    {
        "date": "1579308034", 
        "tid": "14384815", 
        "price": "121200000", 
        "type": "sell", 
        "amount": "0.00061805"
    }, 
    {
        "date": "1579308031", 
        "tid": "14384814", 
        "price": "121200000", 
        "type": "buy", 
        "amount": "0.07536060"
    }, 
    {
        "date": "1579307978", 
        "tid": "14384813", 
        "price": "121199000", 
        "type": "sell", 
        "amount": "0.00505065"
    }, 
    {
        "date": "1579307962", 
        "tid": "14384812", 
        "price": "121200000", 
        "type": "buy", 
        "amount": "0.02215393"
    }, 
    {
        "date": "1579307962", 
        "tid": "14384811", 
        "price": "121165000", 
        "type": "buy", 
        "amount": "0.00117790"
    }, 
    {
        "date": "1579307962", 
        "tid": "14384810", 
        "price": "121157000", 
        "type": "buy", 
        "amount": "0.05541681"
    }, 
    {
        "date": "1579307962", 
        "tid": "14384809", 
        "price": "121121000", 
        "type": "buy", 
        "amount": "0.00823453"
    }, 
    {
        "date": "1579307962", 
        "tid": "14384808", 
        "price": "121115000", 
        "type": "buy", 
        "amount": "0.00256592"
    }, 
    {
        "date": "1579307962", 
        "tid": "14384807", 
        "price": "121106000", 
        "type": "buy", 
        "amount": "0.00076830"
    }, 
    {
        "date": "1579307955", 
        "tid": "14384806", 
        "price": "121100000", 
        "type": "buy", 
        "amount": "0.21401380"
    }, 
    {
        "date": "1579307948", 
        "tid": "14384805", 
        "price": "121100000", 
        "type": "buy", 
        "amount": "0.15059950"
    }, 
    {
        "date": "1579307939", 
        "tid": "14384804", 
        "price": "121100000", 
        "type": "buy", 
        "amount": "0.25099917"
    }, 
    {
        "date": "1579307917", 
        "tid": "14384803", 
        "price": "121059000", 
        "type": "sell", 
        "amount": "0.02221505"
    }, 
    {
        "date": "1579307916", 
        "tid": "14384802", 
        "price": "121100000", 
        "type": "buy", 
        "amount": "0.12936583"
    }, 
    {
        "date": "1579307916", 
        "tid": "14384801", 
        "price": "121086000", 
        "type": "buy", 
        "amount": "0.00501985"
    }, 
    {
        "date": "1579307916", 
        "tid": "14384800", 
        "price": "121069000", 
        "type": "buy", 
        "amount": "0.00112200"
    }, 
    {
        "date": "1579307916", 
        "tid": "14384799", 
        "price": "121060000", 
        "type": "buy", 
        "amount": "0.27608761"
    }, 
    {
        "date": "1579307904", 
        "tid": "14384798", 
        "price": "121060000", 
        "type": "buy", 
        "amount": "0.17925243"
    }, 
    {
        "date": "1579307904", 
        "tid": "14384797", 
        "price": "121053000", 
        "type": "buy", 
        "amount": "0.00145689"
    }, 
    {
        "date": "1579307830", 
        "tid": "14384796", 
        "price": "121052000", 
        "type": "sell", 
        "amount": "0.00431047"
    }, 
    {
        "date": "1579307828", 
        "tid": "14384795", 
        "price": "121060000", 
        "type": "buy", 
        "amount": "0.31123938"
    }, 
    {
        "date": "1579307821", 
        "tid": "14384794", 
        "price": "121052000", 
        "type": "sell", 
        "amount": "0.00066315"
    }, 
    {
        "date": "1579307815", 
        "tid": "14384793", 
        "price": "121051000", 
        "type": "sell", 
        "amount": "0.00879289"
    }, 
    {
        "date": "1579307808", 
        "tid": "14384792", 
        "price": "120931000", 
        "type": "sell", 
        "amount": "0.00330309"
    }, 
    {
        "date": "1579307798", 
        "tid": "14384791", 
        "price": "121060000", 
        "type": "buy", 
        "amount": "0.21234978"
    }, 
    {
        "date": "1579307798", 
        "tid": "14384790", 
        "price": "121059000", 
        "type": "buy", 
        "amount": "0.00115351"
    }, 
    {
        "date": "1579307798", 
        "tid": "14384789", 
        "price": "121054000", 
        "type": "buy", 
        "amount": "0.00116591"
    }, 
    {
        "date": "1579307798", 
        "tid": "14384788", 
        "price": "121044000", 
        "type": "buy", 
        "amount": "0.00674653"
    }, 
    {
        "date": "1579307798", 
        "tid": "14384787", 
        "price": "121041000", 
        "type": "buy", 
        "amount": "0.00053671"
    }, 
    {
        "date": "1579307798", 
        "tid": "14384786", 
        "price": "121037000", 
        "type": "buy", 
        "amount": "0.00074470"
    }, 
    {
        "date": "1579307798", 
        "tid": "14384785", 
        "price": "121020000", 
        "type": "buy", 
        "amount": "0.00244472"
    }, 
    {
        "date": "1579307798", 
        "tid": "14384784", 
        "price": "121011000", 
        "type": "buy", 
        "amount": "0.02503337"
    }, 
    {
        "date": "1579307798", 
        "tid": "14384783", 
        "price": "121000000", 
        "type": "buy", 
        "amount": "0.28183291"
    }, 
    {
        "date": "1579307792", 
        "tid": "14384782", 
        "price": "121000000", 
        "type": "buy", 
        "amount": "0.21084000"
    }, 
    {
        "date": "1579307761", 
        "tid": "14384781", 
        "price": "120810000", 
        "type": "sell", 
        "amount": "0.00277437"
    }, 
    {
        "date": "1579307747", 
        "tid": "14384780", 
        "price": "121000000", 
        "type": "buy", 
        "amount": "0.78679121"
    }, 
    {
        "date": "1579307747", 
        "tid": "14384779", 
        "price": "120999000", 
        "type": "buy", 
        "amount": "0.23470000"
    }, 
    {
        "date": "1579307747", 
        "tid": "14384778", 
        "price": "120998000", 
        "type": "buy", 
        "amount": "0.00044034"
    }, 
    {
        "date": "1579307747", 
        "tid": "14384777", 
        "price": "120989000", 
        "type": "buy", 
        "amount": "0.00067890"
    }, 
    {
        "date": "1579307747", 
        "tid": "14384776", 
        "price": "120944000", 
        "type": "buy", 
        "amount": "0.00100000"
    }, 
    {
        "date": "1579307730", 
        "tid": "14384775", 
        "price": "120900000", 
        "type": "buy", 
        "amount": "0.00078242"
    }, 
    {
        "date": "1579307727", 
        "tid": "14384774", 
        "price": "120900000", 
        "type": "buy", 
        "amount": "0.09770690"
    }, 
    {
        "date": "1579307722", 
        "tid": "14384773", 
        "price": "120900000", 
        "type": "buy", 
        "amount": "0.05358572"
    }, 
    {
        "date": "1579307722", 
        "tid": "14384772", 
        "price": "120867000", 
        "type": "buy", 
        "amount": "0.00256592"
    }, 
    {
        "date": "1579307722", 
        "tid": "14384771", 
        "price": "120843000", 
        "type": "buy", 
        "amount": "0.00112200"
    }, 
    {
        "date": "1579307722", 
        "tid": "14384770", 
        "price": "120816000", 
        "type": "buy", 
        "amount": "0.00244472"
    }, 
    {
        "date": "1579307722", 
        "tid": "14384769", 
        "price": "120801000", 
        "type": "buy", 
        "amount": "0.00074470"
    }, 
    {
        "date": "1579307722", 
        "tid": "14384768", 
        "price": "120800000", 
        "type": "buy", 
        "amount": "0.01699849"
    }, 
    {
        "date": "1579307722", 
        "tid": "14384767", 
        "price": "120799000", 
        "type": "buy", 
        "amount": "0.00280920"
    }, 
    {
        "date": "1579307721", 
        "tid": "14384766", 
        "price": "120796000", 
        "type": "buy", 
        "amount": "0.00146603"
    }, 
    {
        "date": "1579307720", 
        "tid": "14384765", 
        "price": "120796000", 
        "type": "buy", 
        "amount": "0.18245264"
    }, 
    {
        "date": "1579307710", 
        "tid": "14384764", 
        "price": "120796000", 
        "type": "buy", 
        "amount": "0.14055978"
    }, 
    {
        "date": "1579307698", 
        "tid": "14384763", 
        "price": "120796000", 
        "type": "buy", 
        "amount": "0.00703571"
    }, 
    {
        "date": "1579307642", 
        "tid": "14384762", 
        "price": "120796000", 
        "type": "buy", 
        "amount": "0.22087966"
    }, 
    {
        "date": "1579307570", 
        "tid": "14384761", 
        "price": "120796000", 
        "type": "buy", 
        "amount": "0.00703571"
    }, 
    {
        "date": "1579307526", 
        "tid": "14384760", 
        "price": "120796000", 
        "type": "buy", 
        "amount": "0.00074961"
    }, 
    {
        "date": "1579307509", 
        "tid": "14384759", 
        "price": "120691000", 
        "type": "sell", 
        "amount": "0.00048898"
    }, 
    {
        "date": "1579307481", 
        "tid": "14384758", 
        "price": "120796000", 
        "type": "buy", 
        "amount": "0.01778462"
    }, 
    {
        "date": "1579307481", 
        "tid": "14384757", 
        "price": "120795000", 
        "type": "buy", 
        "amount": "0.00204623"
    }, 
    {
        "date": "1579307429", 
        "tid": "14384756", 
        "price": "120796000", 
        "type": "buy", 
        "amount": "0.00106282"
    }, 
    {
        "date": "1579307429", 
        "tid": "14384755", 
        "price": "120795000", 
        "type": "buy", 
        "amount": "0.01258083"
    }, 
    {
        "date": "1579307379", 
        "tid": "14384754", 
        "price": "120687000", 
        "type": "sell", 
        "amount": "0.00495511"
    }, 
    {
        "date": "1579307377", 
        "tid": "14384753", 
        "price": "120796000", 
        "type": "buy", 
        "amount": "0.00484594"
    }, 
    {
        "date": "1579307377", 
        "tid": "14384752", 
        "price": "120795000", 
        "type": "buy", 
        "amount": "0.00129368"
    }, 
    {
        "date": "1579307376", 
        "tid": "14384751", 
        "price": "120687000", 
        "type": "sell", 
        "amount": "0.00165170"
    }, 
    {
        "date": "1579307373", 
        "tid": "14384750", 
        "price": "120687000", 
        "type": "sell", 
        "amount": "0.00073409"
    }, 
    {
        "date": "1579307324", 
        "tid": "14384749", 
        "price": "120796000", 
        "type": "buy", 
        "amount": "0.01228467"
    }, 
    {
        "date": "1579307316", 
        "tid": "14384748", 
        "price": "120796000", 
        "type": "buy", 
        "amount": "0.00546398"
    }, 
    {
        "date": "1579307298", 
        "tid": "14384747", 
        "price": "120796000", 
        "type": "buy", 
        "amount": "0.02048995"
    }, 
    {
        "date": "1579307298", 
        "tid": "14384746", 
        "price": "120686000", 
        "type": "sell", 
        "amount": "0.00081714"
    }, 
    {
        "date": "1579307294", 
        "tid": "14384745", 
        "price": "120794000", 
        "type": "sell", 
        "amount": "0.00132456"
    }
]