[
    {
        "date": "1579395695", 
        "tid": "14388554", 
        "price": "121501000", 
        "type": "buy", 
        "amount": "0.00088062"
    }, 
    {
        "date": "1579395695", 
        "tid": "14388553", 
        "price": "121501000", 
        "type": "buy", 
        "amount": "0.01994018"
    }, 
    {
        "date": "1579395692", 
        "tid": "14388552", 
        "price": "121500000", 
        "type": "buy", 
        "amount": "0.00166386"
    }, 
    {
        "date": "1579395690", 
        "tid": "14388551", 
        "price": "121500000", 
        "type": "buy", 
        "amount": "0.43569296"
    }, 
    {
        "date": "1579395687", 
        "tid": "14388550", 
        "price": "121496000", 
        "type": "sell", 
        "amount": "0.00112000"
    }, 
    {
        "date": "1579395687", 
        "tid": "14388549", 
        "price": "121500000", 
        "type": "buy", 
        "amount": "0.59870244"
    }, 
    {
        "date": "1579395687", 
        "tid": "14388548", 
        "price": "121499000", 
        "type": "buy", 
        "amount": "0.00002991"
    }, 
    {
        "date": "1579395686", 
        "tid": "14388547", 
        "price": "121499000", 
        "type": "buy", 
        "amount": "0.00997009"
    }, 
    {
        "date": "1579395684", 
        "tid": "14388546", 
        "price": "121485000", 
        "type": "buy", 
        "amount": "0.00064572"
    }, 
    {
        "date": "1579395684", 
        "tid": "14388545", 
        "price": "121482000", 
        "type": "buy", 
        "amount": "0.00081896"
    }, 
    {
        "date": "1579395684", 
        "tid": "14388544", 
        "price": "121479000", 
        "type": "buy", 
        "amount": "0.00100000"
    }, 
    {
        "date": "1579395684", 
        "tid": "14388543", 
        "price": "121469000", 
        "type": "buy", 
        "amount": "0.00143257"
    }, 
    {
        "date": "1579395684", 
        "tid": "14388542", 
        "price": "121463000", 
        "type": "buy", 
        "amount": "0.00079140"
    }, 
    {
        "date": "1579395684", 
        "tid": "14388541", 
        "price": "121460000", 
        "type": "buy", 
        "amount": "0.00988168"
    }, 
    {
        "date": "1579395684", 
        "tid": "14388540", 
        "price": "121459000", 
        "type": "buy", 
        "amount": "0.00248545"
    }, 
    {
        "date": "1579395684", 
        "tid": "14388539", 
        "price": "121452000", 
        "type": "buy", 
        "amount": "0.00166885"
    }, 
    {
        "date": "1579395684", 
        "tid": "14388538", 
        "price": "121446000", 
        "type": "buy", 
        "amount": "0.00108105"
    }, 
    {
        "date": "1579395683", 
        "tid": "14388537", 
        "price": "121426000", 
        "type": "buy", 
        "amount": "0.69169378"
    }, 
    {
        "date": "1579395682", 
        "tid": "14388536", 
        "price": "121426000", 
        "type": "buy", 
        "amount": "0.43850622"
    }, 
    {
        "date": "1579395682", 
        "tid": "14388535", 
        "price": "121425000", 
        "type": "buy", 
        "amount": "0.00077960"
    }, 
    {
        "date": "1579395682", 
        "tid": "14388534", 
        "price": "121411000", 
        "type": "buy", 
        "amount": "0.00172413"
    }, 
    {
        "date": "1579395682", 
        "tid": "14388533", 
        "price": "121410000", 
        "type": "buy", 
        "amount": "0.00918818"
    }, 
    {
        "date": "1579395682", 
        "tid": "14388532", 
        "price": "121401000", 
        "type": "buy", 
        "amount": "0.14825109"
    }, 
    {
        "date": "1579395682", 
        "tid": "14388531", 
        "price": "121401000", 
        "type": "buy", 
        "amount": "0.16456677"
    }, 
    {
        "date": "1579395682", 
        "tid": "14388530", 
        "price": "121400000", 
        "type": "buy", 
        "amount": "0.09104364"
    }, 
    {
        "date": "1579395682", 
        "tid": "14388529", 
        "price": "121399000", 
        "type": "buy", 
        "amount": "0.00227777"
    }, 
    {
        "date": "1579395682", 
        "tid": "14388528", 
        "price": "121395000", 
        "type": "buy", 
        "amount": "0.02908019"
    }, 
    {
        "date": "1579395682", 
        "tid": "14388527", 
        "price": "121391000", 
        "type": "buy", 
        "amount": "0.00100000"
    }, 
    {
        "date": "1579395682", 
        "tid": "14388526", 
        "price": "121378000", 
        "type": "buy", 
        "amount": "0.40000000"
    }, 
    {
        "date": "1579395682", 
        "tid": "14388525", 
        "price": "121364000", 
        "type": "buy", 
        "amount": "0.00300626"
    }, 
    {
        "date": "1579395682", 
        "tid": "14388524", 
        "price": "121358000", 
        "type": "buy", 
        "amount": "0.00479898"
    }, 
    {
        "date": "1579395682", 
        "tid": "14388523", 
        "price": "121355000", 
        "type": "buy", 
        "amount": "0.08265123"
    }, 
    {
        "date": "1579395682", 
        "tid": "14388522", 
        "price": "121350000", 
        "type": "buy", 
        "amount": "0.01155845"
    }, 
    {
        "date": "1579395682", 
        "tid": "14388521", 
        "price": "121340000", 
        "type": "buy", 
        "amount": "0.00077960"
    }, 
    {
        "date": "1579395682", 
        "tid": "14388520", 
        "price": "121331000", 
        "type": "buy", 
        "amount": "0.03578396"
    }, 
    {
        "date": "1579395682", 
        "tid": "14388519", 
        "price": "121331000", 
        "type": "buy", 
        "amount": "0.04732057"
    }, 
    {
        "date": "1579395682", 
        "tid": "14388518", 
        "price": "121326000", 
        "type": "buy", 
        "amount": "0.00246508"
    }, 
    {
        "date": "1579395682", 
        "tid": "14388517", 
        "price": "121308000", 
        "type": "buy", 
        "amount": "0.00067890"
    }, 
    {
        "date": "1579395682", 
        "tid": "14388516", 
        "price": "121302000", 
        "type": "buy", 
        "amount": "0.02506077"
    }, 
    {
        "date": "1579395682", 
        "tid": "14388515", 
        "price": "121300000", 
        "type": "buy", 
        "amount": "0.09467028"
    }, 
    {
        "date": "1579395682", 
        "tid": "14388514", 
        "price": "121299000", 
        "type": "buy", 
        "amount": "0.00041793"
    }, 
    {
        "date": "1579395682", 
        "tid": "14388513", 
        "price": "121298000", 
        "type": "buy", 
        "amount": "0.02614366"
    }, 
    {
        "date": "1579395682", 
        "tid": "14388512", 
        "price": "121294000", 
        "type": "buy", 
        "amount": "0.00112200"
    }, 
    {
        "date": "1579395682", 
        "tid": "14388511", 
        "price": "121290000", 
        "type": "buy", 
        "amount": "0.00082798"
    }, 
    {
        "date": "1579395682", 
        "tid": "14388510", 
        "price": "121277000", 
        "type": "buy", 
        "amount": "0.16702583"
    }, 
    {
        "date": "1579395682", 
        "tid": "14388509", 
        "price": "121275000", 
        "type": "buy", 
        "amount": "0.00041630"
    }, 
    {
        "date": "1579395682", 
        "tid": "14388508", 
        "price": "121272000", 
        "type": "buy", 
        "amount": "0.00074470"
    }, 
    {
        "date": "1579395682", 
        "tid": "14388507", 
        "price": "121255000", 
        "type": "buy", 
        "amount": "0.01063513"
    }, 
    {
        "date": "1579395682", 
        "tid": "14388506", 
        "price": "121250000", 
        "type": "buy", 
        "amount": "0.00277985"
    }, 
    {
        "date": "1579395682", 
        "tid": "14388505", 
        "price": "121249000", 
        "type": "buy", 
        "amount": "0.00107563"
    }, 
    {
        "date": "1579395671", 
        "tid": "14388504", 
        "price": "121232000", 
        "type": "buy", 
        "amount": "0.00479728"
    }, 
    {
        "date": "1579395670", 
        "tid": "14388503", 
        "price": "121225000", 
        "type": "buy", 
        "amount": "0.00598437"
    }, 
    {
        "date": "1579395670", 
        "tid": "14388502", 
        "price": "121222000", 
        "type": "buy", 
        "amount": "0.01279528"
    }, 
    {
        "date": "1579395670", 
        "tid": "14388501", 
        "price": "121220000", 
        "type": "buy", 
        "amount": "0.00054281"
    }, 
    {
        "date": "1579395669", 
        "tid": "14388500", 
        "price": "121210000", 
        "type": "buy", 
        "amount": "0.01331758"
    }, 
    {
        "date": "1579395667", 
        "tid": "14388499", 
        "price": "121210000", 
        "type": "buy", 
        "amount": "0.02834743"
    }, 
    {
        "date": "1579395667", 
        "tid": "14388498", 
        "price": "121205000", 
        "type": "buy", 
        "amount": "0.00177145"
    }, 
    {
        "date": "1579395636", 
        "tid": "14388497", 
        "price": "121200000", 
        "type": "sell", 
        "amount": "0.00100013"
    }, 
    {
        "date": "1579395634", 
        "tid": "14388496", 
        "price": "121200000", 
        "type": "buy", 
        "amount": "1.44201859"
    }, 
    {
        "date": "1579395634", 
        "tid": "14388495", 
        "price": "121197000", 
        "type": "buy", 
        "amount": "0.00258490"
    }, 
    {
        "date": "1579395634", 
        "tid": "14388494", 
        "price": "121186000", 
        "type": "buy", 
        "amount": "0.00090057"
    }, 
    {
        "date": "1579395634", 
        "tid": "14388493", 
        "price": "121170000", 
        "type": "buy", 
        "amount": "0.00077960"
    }, 
    {
        "date": "1579395634", 
        "tid": "14388492", 
        "price": "121154000", 
        "type": "buy", 
        "amount": "0.05000000"
    }, 
    {
        "date": "1579395634", 
        "tid": "14388491", 
        "price": "121150000", 
        "type": "buy", 
        "amount": "0.08591688"
    }, 
    {
        "date": "1579395634", 
        "tid": "14388490", 
        "price": "121135000", 
        "type": "buy", 
        "amount": "0.04185761"
    }, 
    {
        "date": "1579395634", 
        "tid": "14388489", 
        "price": "121134000", 
        "type": "buy", 
        "amount": "0.00341510"
    }, 
    {
        "date": "1579395634", 
        "tid": "14388488", 
        "price": "121122000", 
        "type": "buy", 
        "amount": "0.00246508"
    }, 
    {
        "date": "1579395634", 
        "tid": "14388487", 
        "price": "121121000", 
        "type": "buy", 
        "amount": "0.00058476"
    }, 
    {
        "date": "1579395634", 
        "tid": "14388486", 
        "price": "121115000", 
        "type": "buy", 
        "amount": "0.00057190"
    }, 
    {
        "date": "1579395622", 
        "tid": "14388485", 
        "price": "121115000", 
        "type": "buy", 
        "amount": "0.00199402"
    }, 
    {
        "date": "1579395621", 
        "tid": "14388484", 
        "price": "121114000", 
        "type": "sell", 
        "amount": "0.02512576"
    }, 
    {
        "date": "1579395617", 
        "tid": "14388483", 
        "price": "121106000", 
        "type": "buy", 
        "amount": "0.00076830"
    }, 
    {
        "date": "1579395562", 
        "tid": "14388482", 
        "price": "121105000", 
        "type": "buy", 
        "amount": "0.00280223"
    }, 
    {
        "date": "1579395481", 
        "tid": "14388481", 
        "price": "121100000", 
        "type": "buy", 
        "amount": "0.17385231"
    }, 
    {
        "date": "1579395481", 
        "tid": "14388480", 
        "price": "121099000", 
        "type": "buy", 
        "amount": "0.00474305"
    }, 
    {
        "date": "1579395481", 
        "tid": "14388479", 
        "price": "121091000", 
        "type": "buy", 
        "amount": "0.00156773"
    }, 
    {
        "date": "1579395481", 
        "tid": "14388478", 
        "price": "121086000", 
        "type": "buy", 
        "amount": "0.00501985"
    }, 
    {
        "date": "1579395481", 
        "tid": "14388477", 
        "price": "121085000", 
        "type": "buy", 
        "amount": "0.00077960"
    }, 
    {
        "date": "1579395481", 
        "tid": "14388476", 
        "price": "121069000", 
        "type": "buy", 
        "amount": "0.00112200"
    }, 
    {
        "date": "1579395481", 
        "tid": "14388475", 
        "price": "121059000", 
        "type": "buy", 
        "amount": "0.00115351"
    }, 
    {
        "date": "1579395481", 
        "tid": "14388474", 
        "price": "121041000", 
        "type": "buy", 
        "amount": "0.00053671"
    }, 
    {
        "date": "1579395481", 
        "tid": "14388473", 
        "price": "121037000", 
        "type": "buy", 
        "amount": "0.00074470"
    }, 
    {
        "date": "1579395481", 
        "tid": "14388472", 
        "price": "121021000", 
        "type": "buy", 
        "amount": "0.00132847"
    }, 
    {
        "date": "1579395481", 
        "tid": "14388471", 
        "price": "121020000", 
        "type": "buy", 
        "amount": "0.02352338"
    }, 
    {
        "date": "1579395481", 
        "tid": "14388470", 
        "price": "121005000", 
        "type": "buy", 
        "amount": "0.00139578"
    }, 
    {
        "date": "1579395481", 
        "tid": "14388469", 
        "price": "121001000", 
        "type": "buy", 
        "amount": "0.01036048"
    }, 
    {
        "date": "1579395392", 
        "tid": "14388468", 
        "price": "121000000", 
        "type": "sell", 
        "amount": "2.00000000"
    }, 
    {
        "date": "1579395388", 
        "tid": "14388467", 
        "price": "121000000", 
        "type": "sell", 
        "amount": "0.00054071"
    }, 
    {
        "date": "1579395381", 
        "tid": "14388466", 
        "price": "121000000", 
        "type": "sell", 
        "amount": "0.00241043"
    }, 
    {
        "date": "1579395378", 
        "tid": "14388465", 
        "price": "121000000", 
        "type": "sell", 
        "amount": "0.00670814"
    }, 
    {
        "date": "1579395366", 
        "tid": "14388464", 
        "price": "121000000", 
        "type": "buy", 
        "amount": "0.56657741"
    }, 
    {
        "date": "1579395366", 
        "tid": "14388463", 
        "price": "120999000", 
        "type": "buy", 
        "amount": "0.00177960"
    }, 
    {
        "date": "1579395366", 
        "tid": "14388462", 
        "price": "120998000", 
        "type": "buy", 
        "amount": "0.00687468"
    }, 
    {
        "date": "1579395366", 
        "tid": "14388461", 
        "price": "120995000", 
        "type": "buy", 
        "amount": "0.01228688"
    }, 
    {
        "date": "1579395366", 
        "tid": "14388460", 
        "price": "120989000", 
        "type": "buy", 
        "amount": "0.00067890"
    }, 
    {
        "date": "1579395366", 
        "tid": "14388459", 
        "price": "120988000", 
        "type": "buy", 
        "amount": "0.06437016"
    }, 
    {
        "date": "1579395366", 
        "tid": "14388458", 
        "price": "120980000", 
        "type": "buy", 
        "amount": "0.02483628"
    }, 
    {
        "date": "1579395366", 
        "tid": "14388457", 
        "price": "120950000", 
        "type": "buy", 
        "amount": "0.00100572"
    }, 
    {
        "date": "1579395366", 
        "tid": "14388456", 
        "price": "120938000", 
        "type": "buy", 
        "amount": "0.00468882"
    }, 
    {
        "date": "1579395366", 
        "tid": "14388455", 
        "price": "120935000", 
        "type": "buy", 
        "amount": "0.00153350"
    }, 
    {
        "date": "1579395366", 
        "tid": "14388454", 
        "price": "120920000", 
        "type": "buy", 
        "amount": "0.00079623"
    }, 
    {
        "date": "1579395301", 
        "tid": "14388453", 
        "price": "120918000", 
        "type": "buy", 
        "amount": "0.12341857"
    }, 
    {
        "date": "1579395297", 
        "tid": "14388452", 
        "price": "120918000", 
        "type": "buy", 
        "amount": "0.00051782"
    }, 
    {
        "date": "1579395225", 
        "tid": "14388451", 
        "price": "120918000", 
        "type": "buy", 
        "amount": "0.04795864"
    }, 
    {
        "date": "1579395217", 
        "tid": "14388450", 
        "price": "120918000", 
        "type": "buy", 
        "amount": "0.06802614"
    }, 
    {
        "date": "1579395217", 
        "tid": "14388449", 
        "price": "120837000", 
        "type": "buy", 
        "amount": "0.00810202"
    }, 
    {
        "date": "1579394993", 
        "tid": "14388448", 
        "price": "120837000", 
        "type": "buy", 
        "amount": "0.01117463"
    }, 
    {
        "date": "1579394886", 
        "tid": "14388447", 
        "price": "120837000", 
        "type": "sell", 
        "amount": "0.00120850"
    }, 
    {
        "date": "1579394871", 
        "tid": "14388446", 
        "price": "120918000", 
        "type": "buy", 
        "amount": "0.00057240"
    }, 
    {
        "date": "1579394855", 
        "tid": "14388445", 
        "price": "120918000", 
        "type": "buy", 
        "amount": "0.00623749"
    }, 
    {
        "date": "1579394792", 
        "tid": "14388444", 
        "price": "120834000", 
        "type": "sell", 
        "amount": "0.05000000"
    }, 
    {
        "date": "1579394788", 
        "tid": "14388443", 
        "price": "120918000", 
        "type": "buy", 
        "amount": "0.00558343"
    }, 
    {
        "date": "1579394778", 
        "tid": "14388442", 
        "price": "120834000", 
        "type": "sell", 
        "amount": "0.17044658"
    }, 
    {
        "date": "1579394778", 
        "tid": "14388441", 
        "price": "120916000", 
        "type": "sell", 
        "amount": "0.00079623"
    }, 
    {
        "date": "1579394778", 
        "tid": "14388440", 
        "price": "120917000", 
        "type": "sell", 
        "amount": "0.05361651"
    }, 
    {
        "date": "1579394778", 
        "tid": "14388439", 
        "price": "120918000", 
        "type": "buy", 
        "amount": "0.00042051"
    }, 
    {
        "date": "1579394773", 
        "tid": "14388438", 
        "price": "120918000", 
        "type": "buy", 
        "amount": "0.00651976"
    }, 
    {
        "date": "1579394756", 
        "tid": "14388437", 
        "price": "120918000", 
        "type": "buy", 
        "amount": "0.00931575"
    }, 
    {
        "date": "1579394740", 
        "tid": "14388436", 
        "price": "120917000", 
        "type": "sell", 
        "amount": "0.00047196"
    }, 
    {
        "date": "1579394736", 
        "tid": "14388435", 
        "price": "120918000", 
        "type": "buy", 
        "amount": "0.00933531"
    }, 
    {
        "date": "1579394728", 
        "tid": "14388434", 
        "price": "120918000", 
        "type": "buy", 
        "amount": "0.00933531"
    }, 
    {
        "date": "1579394713", 
        "tid": "14388433", 
        "price": "120918000", 
        "type": "buy", 
        "amount": "0.00560316"
    }, 
    {
        "date": "1579394708", 
        "tid": "14388432", 
        "price": "120918000", 
        "type": "buy", 
        "amount": "0.20701924"
    }, 
    {
        "date": "1579394691", 
        "tid": "14388431", 
        "price": "120918000", 
        "type": "buy", 
        "amount": "0.00934615"
    }, 
    {
        "date": "1579394679", 
        "tid": "14388430", 
        "price": "120917000", 
        "type": "sell", 
        "amount": "0.00077579"
    }, 
    {
        "date": "1579394494", 
        "tid": "14388429", 
        "price": "120917000", 
        "type": "sell", 
        "amount": "0.00056805"
    }, 
    {
        "date": "1579394489", 
        "tid": "14388428", 
        "price": "120917000", 
        "type": "sell", 
        "amount": "0.00191341"
    }, 
    {
        "date": "1579394488", 
        "tid": "14388427", 
        "price": "120917000", 
        "type": "sell", 
        "amount": "0.00154576"
    }, 
    {
        "date": "1579394485", 
        "tid": "14388426", 
        "price": "120917000", 
        "type": "sell", 
        "amount": "0.00193918"
    }, 
    {
        "date": "1579394457", 
        "tid": "14388425", 
        "price": "120917000", 
        "type": "sell", 
        "amount": "0.00010000"
    }, 
    {
        "date": "1579394422", 
        "tid": "14388424", 
        "price": "120917000", 
        "type": "sell", 
        "amount": "0.53975819"
    }, 
    {
        "date": "1579394310", 
        "tid": "14388423", 
        "price": "120918000", 
        "type": "buy", 
        "amount": "0.04097864"
    }, 
    {
        "date": "1579394301", 
        "tid": "14388422", 
        "price": "120918000", 
        "type": "buy", 
        "amount": "0.00293211"
    }, 
    {
        "date": "1579394274", 
        "tid": "14388421", 
        "price": "120917000", 
        "type": "sell", 
        "amount": "0.00080000"
    }, 
    {
        "date": "1579394204", 
        "tid": "14388420", 
        "price": "120918000", 
        "type": "buy", 
        "amount": "0.02869414"
    }, 
    {
        "date": "1579394200", 
        "tid": "14388419", 
        "price": "120918000", 
        "type": "buy", 
        "amount": "0.08211235"
    }, 
    {
        "date": "1579394200", 
        "tid": "14388418", 
        "price": "120917000", 
        "type": "buy", 
        "amount": "0.00347493"
    }, 
    {
        "date": "1579394200", 
        "tid": "14388417", 
        "price": "120915000", 
        "type": "buy", 
        "amount": "0.07414098"
    }, 
    {
        "date": "1579394200", 
        "tid": "14388416", 
        "price": "120914000", 
        "type": "buy", 
        "amount": "0.00077960"
    }, 
    {
        "date": "1579394200", 
        "tid": "14388415", 
        "price": "120901000", 
        "type": "buy", 
        "amount": "0.00156291"
    }, 
    {
        "date": "1579394200", 
        "tid": "14388414", 
        "price": "120900000", 
        "type": "buy", 
        "amount": "0.02005185"
    }, 
    {
        "date": "1579394200", 
        "tid": "14388413", 
        "price": "120875000", 
        "type": "buy", 
        "amount": "0.00413653"
    }, 
    {
        "date": "1579394200", 
        "tid": "14388412", 
        "price": "120874000", 
        "type": "buy", 
        "amount": "0.00461836"
    }, 
    {
        "date": "1579394179", 
        "tid": "14388411", 
        "price": "120828000", 
        "type": "sell", 
        "amount": "0.02300000"
    }, 
    {
        "date": "1579394146", 
        "tid": "14388410", 
        "price": "120874000", 
        "type": "buy", 
        "amount": "0.00150292"
    }, 
    {
        "date": "1579394123", 
        "tid": "14388409", 
        "price": "120874000", 
        "type": "buy", 
        "amount": "0.00566690"
    }, 
    {
        "date": "1579394123", 
        "tid": "14388408", 
        "price": "120867000", 
        "type": "buy", 
        "amount": "0.00085528"
    }, 
    {
        "date": "1579394116", 
        "tid": "14388407", 
        "price": "120867000", 
        "type": "buy", 
        "amount": "0.00171064"
    }, 
    {
        "date": "1579394116", 
        "tid": "14388406", 
        "price": "120856000", 
        "type": "buy", 
        "amount": "0.00267052"
    }, 
    {
        "date": "1579394116", 
        "tid": "14388405", 
        "price": "120843000", 
        "type": "buy", 
        "amount": "0.00112200"
    }
]