[
    {
        "date": "1579295030", 
        "tid": "14384420", 
        "price": "120327000", 
        "type": "buy", 
        "amount": "0.00241854"
    }, 
    {
        "date": "1579295029", 
        "tid": "14384419", 
        "price": "120327000", 
        "type": "buy", 
        "amount": "0.00242481"
    }, 
    {
        "date": "1579295028", 
        "tid": "14384418", 
        "price": "120326000", 
        "type": "buy", 
        "amount": "0.00243111"
    }, 
    {
        "date": "1579295027", 
        "tid": "14384417", 
        "price": "120326000", 
        "type": "buy", 
        "amount": "0.00243738"
    }, 
    {
        "date": "1579295027", 
        "tid": "14384416", 
        "price": "120326000", 
        "type": "buy", 
        "amount": "0.00244365"
    }, 
    {
        "date": "1579295026", 
        "tid": "14384415", 
        "price": "120326000", 
        "type": "buy", 
        "amount": "0.00244993"
    }, 
    {
        "date": "1579295026", 
        "tid": "14384414", 
        "price": "120326000", 
        "type": "buy", 
        "amount": "0.00245621"
    }, 
    {
        "date": "1579295025", 
        "tid": "14384413", 
        "price": "120326000", 
        "type": "buy", 
        "amount": "0.00246248"
    }, 
    {
        "date": "1579295024", 
        "tid": "14384412", 
        "price": "120327000", 
        "type": "buy", 
        "amount": "0.00246873"
    }, 
    {
        "date": "1579295024", 
        "tid": "14384411", 
        "price": "120327000", 
        "type": "buy", 
        "amount": "0.00247500"
    }, 
    {
        "date": "1579295023", 
        "tid": "14384410", 
        "price": "120327000", 
        "type": "buy", 
        "amount": "0.00248128"
    }, 
    {
        "date": "1579295022", 
        "tid": "14384409", 
        "price": "120327000", 
        "type": "buy", 
        "amount": "0.00248756"
    }, 
    {
        "date": "1579295022", 
        "tid": "14384408", 
        "price": "120327000", 
        "type": "buy", 
        "amount": "0.00249382"
    }, 
    {
        "date": "1579295021", 
        "tid": "14384407", 
        "price": "120387000", 
        "type": "buy", 
        "amount": "0.00249885"
    }, 
    {
        "date": "1579295020", 
        "tid": "14384406", 
        "price": "120387000", 
        "type": "buy", 
        "amount": "0.00250512"
    }, 
    {
        "date": "1579295020", 
        "tid": "14384405", 
        "price": "120387000", 
        "type": "buy", 
        "amount": "0.00251140"
    }, 
    {
        "date": "1579295019", 
        "tid": "14384404", 
        "price": "120387000", 
        "type": "buy", 
        "amount": "0.00251767"
    }, 
    {
        "date": "1579295018", 
        "tid": "14384403", 
        "price": "120387000", 
        "type": "buy", 
        "amount": "0.00252394"
    }, 
    {
        "date": "1579295018", 
        "tid": "14384402", 
        "price": "120387000", 
        "type": "buy", 
        "amount": "0.00240981"
    }, 
    {
        "date": "1579294992", 
        "tid": "14384401", 
        "price": "120329000", 
        "type": "buy", 
        "amount": "0.00241532"
    }, 
    {
        "date": "1579294987", 
        "tid": "14384400", 
        "price": "120329000", 
        "type": "buy", 
        "amount": "0.00241545"
    }, 
    {
        "date": "1579294981", 
        "tid": "14384399", 
        "price": "120326000", 
        "type": "buy", 
        "amount": "0.00241544"
    }, 
    {
        "date": "1579294976", 
        "tid": "14384398", 
        "price": "120327000", 
        "type": "buy", 
        "amount": "0.00241540"
    }, 
    {
        "date": "1579294970", 
        "tid": "14384397", 
        "price": "120327000", 
        "type": "buy", 
        "amount": "0.00241543"
    }, 
    {
        "date": "1579294964", 
        "tid": "14384396", 
        "price": "120328000", 
        "type": "buy", 
        "amount": "0.00241545"
    }, 
    {
        "date": "1579294959", 
        "tid": "14384395", 
        "price": "120329000", 
        "type": "buy", 
        "amount": "0.00241557"
    }, 
    {
        "date": "1579294953", 
        "tid": "14384394", 
        "price": "120330000", 
        "type": "buy", 
        "amount": "0.00241559"
    }, 
    {
        "date": "1579294948", 
        "tid": "14384393", 
        "price": "120323000", 
        "type": "buy", 
        "amount": "0.00063788"
    }, 
    {
        "date": "1579294948", 
        "tid": "14384392", 
        "price": "120267000", 
        "type": "buy", 
        "amount": "0.00177725"
    }, 
    {
        "date": "1579294942", 
        "tid": "14384391", 
        "price": "120267000", 
        "type": "buy", 
        "amount": "0.00241544"
    }, 
    {
        "date": "1579294937", 
        "tid": "14384390", 
        "price": "120267000", 
        "type": "buy", 
        "amount": "0.00241542"
    }, 
    {
        "date": "1579294931", 
        "tid": "14384389", 
        "price": "120267000", 
        "type": "buy", 
        "amount": "0.00241544"
    }, 
    {
        "date": "1579294926", 
        "tid": "14384388", 
        "price": "120267000", 
        "type": "buy", 
        "amount": "0.00241542"
    }, 
    {
        "date": "1579294920", 
        "tid": "14384387", 
        "price": "120267000", 
        "type": "buy", 
        "amount": "0.00241544"
    }, 
    {
        "date": "1579294915", 
        "tid": "14384386", 
        "price": "120267000", 
        "type": "buy", 
        "amount": "0.00241542"
    }, 
    {
        "date": "1579294909", 
        "tid": "14384385", 
        "price": "120267000", 
        "type": "buy", 
        "amount": "0.00241544"
    }, 
    {
        "date": "1579294903", 
        "tid": "14384384", 
        "price": "120267000", 
        "type": "buy", 
        "amount": "0.00241545"
    }, 
    {
        "date": "1579294898", 
        "tid": "14384383", 
        "price": "120267000", 
        "type": "buy", 
        "amount": "0.00241496"
    }, 
    {
        "date": "1579294892", 
        "tid": "14384382", 
        "price": "120246000", 
        "type": "buy", 
        "amount": "0.00241628"
    }, 
    {
        "date": "1579294887", 
        "tid": "14384381", 
        "price": "120267000", 
        "type": "buy", 
        "amount": "0.00241503"
    }, 
    {
        "date": "1579294882", 
        "tid": "14384380", 
        "price": "120247000", 
        "type": "buy", 
        "amount": "0.00241543"
    }, 
    {
        "date": "1579294876", 
        "tid": "14384379", 
        "price": "120247000", 
        "type": "buy", 
        "amount": "0.00241543"
    }, 
    {
        "date": "1579294870", 
        "tid": "14384378", 
        "price": "120247000", 
        "type": "buy", 
        "amount": "0.00241543"
    }, 
    {
        "date": "1579294865", 
        "tid": "14384377", 
        "price": "120247000", 
        "type": "buy", 
        "amount": "0.00241543"
    }, 
    {
        "date": "1579294859", 
        "tid": "14384376", 
        "price": "120247000", 
        "type": "buy", 
        "amount": "0.00241543"
    }, 
    {
        "date": "1579294854", 
        "tid": "14384375", 
        "price": "120247000", 
        "type": "buy", 
        "amount": "0.00241540"
    }, 
    {
        "date": "1579294848", 
        "tid": "14384374", 
        "price": "120247000", 
        "type": "buy", 
        "amount": "0.00241601"
    }, 
    {
        "date": "1579294843", 
        "tid": "14384373", 
        "price": "120247000", 
        "type": "buy", 
        "amount": "0.00085603"
    }, 
    {
        "date": "1579294843", 
        "tid": "14384372", 
        "price": "120167000", 
        "type": "buy", 
        "amount": "0.00155883"
    }, 
    {
        "date": "1579294837", 
        "tid": "14384371", 
        "price": "120167000", 
        "type": "buy", 
        "amount": "0.00241574"
    }, 
    {
        "date": "1579294832", 
        "tid": "14384370", 
        "price": "120167000", 
        "type": "buy", 
        "amount": "0.00240939"
    }, 
    {
        "date": "1579294826", 
        "tid": "14384369", 
        "price": "120167000", 
        "type": "buy", 
        "amount": "0.00253620"
    }, 
    {
        "date": "1579294748", 
        "tid": "14384368", 
        "price": "120267000", 
        "type": "buy", 
        "amount": "0.00994795"
    }, 
    {
        "date": "1579294200", 
        "tid": "14384367", 
        "price": "120038000", 
        "type": "sell", 
        "amount": "0.38466816"
    }, 
    {
        "date": "1579294200", 
        "tid": "14384366", 
        "price": "120039000", 
        "type": "sell", 
        "amount": "0.14233184"
    }, 
    {
        "date": "1579294196", 
        "tid": "14384365", 
        "price": "120406000", 
        "type": "buy", 
        "amount": "0.14105341"
    }, 
    {
        "date": "1579294196", 
        "tid": "14384364", 
        "price": "120402000", 
        "type": "buy", 
        "amount": "0.00213323"
    }, 
    {
        "date": "1579294196", 
        "tid": "14384363", 
        "price": "120392000", 
        "type": "buy", 
        "amount": "0.00112200"
    }, 
    {
        "date": "1579294196", 
        "tid": "14384362", 
        "price": "120384000", 
        "type": "buy", 
        "amount": "0.00053671"
    }, 
    {
        "date": "1579294196", 
        "tid": "14384361", 
        "price": "120351000", 
        "type": "buy", 
        "amount": "0.00067890"
    }, 
    {
        "date": "1579294196", 
        "tid": "14384360", 
        "price": "120339000", 
        "type": "buy", 
        "amount": "0.00156020"
    }, 
    {
        "date": "1579294196", 
        "tid": "14384359", 
        "price": "120338000", 
        "type": "buy", 
        "amount": "0.00403903"
    }, 
    {
        "date": "1579294196", 
        "tid": "14384358", 
        "price": "120330000", 
        "type": "buy", 
        "amount": "0.00170464"
    }, 
    {
        "date": "1579294196", 
        "tid": "14384357", 
        "price": "120267000", 
        "type": "buy", 
        "amount": "0.00044034"
    }, 
    {
        "date": "1579294196", 
        "tid": "14384356", 
        "price": "120250000", 
        "type": "buy", 
        "amount": "0.00050472"
    }, 
    {
        "date": "1579294196", 
        "tid": "14384355", 
        "price": "120204000", 
        "type": "buy", 
        "amount": "0.00244472"
    }, 
    {
        "date": "1579294196", 
        "tid": "14384354", 
        "price": "120166000", 
        "type": "buy", 
        "amount": "0.00112200"
    }, 
    {
        "date": "1579294095", 
        "tid": "14384353", 
        "price": "119919000", 
        "type": "sell", 
        "amount": "0.24675000"
    }, 
    {
        "date": "1579294005", 
        "tid": "14384352", 
        "price": "120138000", 
        "type": "buy", 
        "amount": "0.00042324"
    }, 
    {
        "date": "1579293996", 
        "tid": "14384351", 
        "price": "120138000", 
        "type": "buy", 
        "amount": "0.00042324"
    }, 
    {
        "date": "1579293896", 
        "tid": "14384350", 
        "price": "119876000", 
        "type": "sell", 
        "amount": "0.00674538"
    }, 
    {
        "date": "1579293896", 
        "tid": "14384349", 
        "price": "119901000", 
        "type": "sell", 
        "amount": "0.00044033"
    }, 
    {
        "date": "1579293896", 
        "tid": "14384348", 
        "price": "119941000", 
        "type": "sell", 
        "amount": "0.00112199"
    }, 
    {
        "date": "1579293896", 
        "tid": "14384347", 
        "price": "119999000", 
        "type": "sell", 
        "amount": "0.00244473"
    }, 
    {
        "date": "1579293896", 
        "tid": "14384346", 
        "price": "120000000", 
        "type": "sell", 
        "amount": "0.00050471"
    }, 
    {
        "date": "1579293896", 
        "tid": "14384345", 
        "price": "120094000", 
        "type": "sell", 
        "amount": "0.00074470"
    }, 
    {
        "date": "1579293665", 
        "tid": "14384344", 
        "price": "120139000", 
        "type": "buy", 
        "amount": "0.00041494"
    }, 
    {
        "date": "1579293647", 
        "tid": "14384343", 
        "price": "120139000", 
        "type": "buy", 
        "amount": "0.00157677"
    }, 
    {
        "date": "1579293644", 
        "tid": "14384342", 
        "price": "120139000", 
        "type": "buy", 
        "amount": "0.00348549"
    }, 
    {
        "date": "1579293581", 
        "tid": "14384341", 
        "price": "120330000", 
        "type": "buy", 
        "amount": "0.00113653"
    }, 
    {
        "date": "1579293304", 
        "tid": "14384340", 
        "price": "120330000", 
        "type": "buy", 
        "amount": "0.00042130"
    }, 
    {
        "date": "1579292912", 
        "tid": "14384339", 
        "price": "120094000", 
        "type": "sell", 
        "amount": "0.00420619"
    }, 
    {
        "date": "1579292830", 
        "tid": "14384338", 
        "price": "120338000", 
        "type": "buy", 
        "amount": "0.00042254"
    }, 
    {
        "date": "1579292688", 
        "tid": "14384337", 
        "price": "120224000", 
        "type": "sell", 
        "amount": "0.11442657"
    }, 
    {
        "date": "1579292688", 
        "tid": "14384336", 
        "price": "120329000", 
        "type": "sell", 
        "amount": "0.00057343"
    }, 
    {
        "date": "1579292656", 
        "tid": "14384335", 
        "price": "120339000", 
        "type": "buy", 
        "amount": "0.00081607"
    }, 
    {
        "date": "1579292415", 
        "tid": "14384334", 
        "price": "120339000", 
        "type": "buy", 
        "amount": "0.00148964"
    }, 
    {
        "date": "1579292415", 
        "tid": "14384333", 
        "price": "120330000", 
        "type": "buy", 
        "amount": "0.01508154"
    }, 
    {
        "date": "1579291676", 
        "tid": "14384332", 
        "price": "120329000", 
        "type": "sell", 
        "amount": "0.01540806"
    }, 
    {
        "date": "1579291558", 
        "tid": "14384331", 
        "price": "120330000", 
        "type": "buy", 
        "amount": "0.01333856"
    }, 
    {
        "date": "1579291558", 
        "tid": "14384330", 
        "price": "120267000", 
        "type": "buy", 
        "amount": "0.00044034"
    }, 
    {
        "date": "1579291558", 
        "tid": "14384329", 
        "price": "120250000", 
        "type": "buy", 
        "amount": "0.00050472"
    }, 
    {
        "date": "1579291558", 
        "tid": "14384328", 
        "price": "120204000", 
        "type": "buy", 
        "amount": "0.00244472"
    }, 
    {
        "date": "1579291558", 
        "tid": "14384327", 
        "price": "120169000", 
        "type": "buy", 
        "amount": "0.00311004"
    }, 
    {
        "date": "1579291558", 
        "tid": "14384326", 
        "price": "120073000", 
        "type": "buy", 
        "amount": "0.00020644"
    }, 
    {
        "date": "1579291557", 
        "tid": "14384325", 
        "price": "120073000", 
        "type": "buy", 
        "amount": "0.04685942"
    }, 
    {
        "date": "1579291516", 
        "tid": "14384324", 
        "price": "120072000", 
        "type": "sell", 
        "amount": "0.00246326"
    }, 
    {
        "date": "1579291157", 
        "tid": "14384323", 
        "price": "119712000", 
        "type": "sell", 
        "amount": "0.00283975"
    }, 
    {
        "date": "1579291157", 
        "tid": "14384322", 
        "price": "120171000", 
        "type": "buy", 
        "amount": "0.01499938"
    }, 
    {
        "date": "1579291157", 
        "tid": "14384321", 
        "price": "120170000", 
        "type": "buy", 
        "amount": "0.00504227"
    }, 
    {
        "date": "1579291155", 
        "tid": "14384320", 
        "price": "120171000", 
        "type": "buy", 
        "amount": "0.06470759"
    }, 
    {
        "date": "1579291155", 
        "tid": "14384319", 
        "price": "120170000", 
        "type": "buy", 
        "amount": "0.00699106"
    }, 
    {
        "date": "1579291155", 
        "tid": "14384318", 
        "price": "120166000", 
        "type": "buy", 
        "amount": "0.00112200"
    }, 
    {
        "date": "1579291155", 
        "tid": "14384317", 
        "price": "120094000", 
        "type": "buy", 
        "amount": "0.00074470"
    }, 
    {
        "date": "1579291155", 
        "tid": "14384316", 
        "price": "120068000", 
        "type": "buy", 
        "amount": "0.01090000"
    }, 
    {
        "date": "1579291155", 
        "tid": "14384315", 
        "price": "120032000", 
        "type": "buy", 
        "amount": "0.00067890"
    }, 
    {
        "date": "1579291155", 
        "tid": "14384314", 
        "price": "120000000", 
        "type": "buy", 
        "amount": "0.00132153"
    }, 
    {
        "date": "1579291155", 
        "tid": "14384313", 
        "price": "119999000", 
        "type": "buy", 
        "amount": "0.00244472"
    }, 
    {
        "date": "1579291155", 
        "tid": "14384312", 
        "price": "119941000", 
        "type": "buy", 
        "amount": "0.00112200"
    }, 
    {
        "date": "1579291151", 
        "tid": "14384311", 
        "price": "119711000", 
        "type": "buy", 
        "amount": "0.30000000"
    }, 
    {
        "date": "1579291060", 
        "tid": "14384310", 
        "price": "119710000", 
        "type": "sell", 
        "amount": "0.00226529"
    }, 
    {
        "date": "1579290978", 
        "tid": "14384309", 
        "price": "119710000", 
        "type": "sell", 
        "amount": "0.00055812"
    }, 
    {
        "date": "1579290975", 
        "tid": "14384308", 
        "price": "119710000", 
        "type": "sell", 
        "amount": "0.00221886"
    }, 
    {
        "date": "1579290925", 
        "tid": "14384307", 
        "price": "119860000", 
        "type": "buy", 
        "amount": "0.00049909"
    }, 
    {
        "date": "1579290923", 
        "tid": "14384306", 
        "price": "119860000", 
        "type": "buy", 
        "amount": "0.00944428"
    }, 
    {
        "date": "1579290923", 
        "tid": "14384305", 
        "price": "119859000", 
        "type": "buy", 
        "amount": "0.05908533"
    }, 
    {
        "date": "1579290891", 
        "tid": "14384304", 
        "price": "119701000", 
        "type": "sell", 
        "amount": "0.03707034"
    }, 
    {
        "date": "1579290883", 
        "tid": "14384303", 
        "price": "119701000", 
        "type": "sell", 
        "amount": "0.00007184"
    }, 
    {
        "date": "1579290883", 
        "tid": "14384302", 
        "price": "119713000", 
        "type": "sell", 
        "amount": "0.01994717"
    }, 
    {
        "date": "1579290883", 
        "tid": "14384301", 
        "price": "119715000", 
        "type": "sell", 
        "amount": "0.00112199"
    }, 
    {
        "date": "1579290883", 
        "tid": "14384300", 
        "price": "119750000", 
        "type": "sell", 
        "amount": "0.00050471"
    }, 
    {
        "date": "1579290883", 
        "tid": "14384299", 
        "price": "119795000", 
        "type": "sell", 
        "amount": "0.00244473"
    }, 
    {
        "date": "1579290865", 
        "tid": "14384298", 
        "price": "119859000", 
        "type": "buy", 
        "amount": "0.03528573"
    }, 
    {
        "date": "1579290860", 
        "tid": "14384297", 
        "price": "119800000", 
        "type": "sell", 
        "amount": "0.01703262"
    }, 
    {
        "date": "1579290860", 
        "tid": "14384296", 
        "price": "119840000", 
        "type": "sell", 
        "amount": "0.00078567"
    }, 
    {
        "date": "1579290852", 
        "tid": "14384295", 
        "price": "119840000", 
        "type": "sell", 
        "amount": "0.00003114"
    }, 
    {
        "date": "1579290852", 
        "tid": "14384294", 
        "price": "119858000", 
        "type": "sell", 
        "amount": "0.00491629"
    }, 
    {
        "date": "1579290852", 
        "tid": "14384293", 
        "price": "119859000", 
        "type": "sell", 
        "amount": "0.00550668"
    }, 
    {
        "date": "1579290809", 
        "tid": "14384292", 
        "price": "120053000", 
        "type": "buy", 
        "amount": "0.40809242"
    }, 
    {
        "date": "1579290809", 
        "tid": "14384291", 
        "price": "120048000", 
        "type": "buy", 
        "amount": "0.00084574"
    }, 
    {
        "date": "1579290809", 
        "tid": "14384290", 
        "price": "120032000", 
        "type": "buy", 
        "amount": "0.00630000"
    }, 
    {
        "date": "1579290750", 
        "tid": "14384289", 
        "price": "119868000", 
        "type": "sell", 
        "amount": "0.00107932"
    }, 
    {
        "date": "1579290715", 
        "tid": "14384288", 
        "price": "119871000", 
        "type": "buy", 
        "amount": "0.00662231"
    }, 
    {
        "date": "1579290703", 
        "tid": "14384287", 
        "price": "120031000", 
        "type": "buy", 
        "amount": "0.03006128"
    }, 
    {
        "date": "1579290695", 
        "tid": "14384286", 
        "price": "119859000", 
        "type": "buy", 
        "amount": "0.00009304"
    }, 
    {
        "date": "1579290695", 
        "tid": "14384285", 
        "price": "119859000", 
        "type": "buy", 
        "amount": "0.00075403"
    }, 
    {
        "date": "1579290693", 
        "tid": "14384284", 
        "price": "119859000", 
        "type": "buy", 
        "amount": "0.01136590"
    }, 
    {
        "date": "1579290692", 
        "tid": "14384283", 
        "price": "119859000", 
        "type": "buy", 
        "amount": "0.00075403"
    }, 
    {
        "date": "1579290689", 
        "tid": "14384282", 
        "price": "119859000", 
        "type": "buy", 
        "amount": "0.02334110"
    }, 
    {
        "date": "1579290688", 
        "tid": "14384281", 
        "price": "119859000", 
        "type": "buy", 
        "amount": "0.03010442"
    }, 
    {
        "date": "1579290680", 
        "tid": "14384280", 
        "price": "119916000", 
        "type": "buy", 
        "amount": "0.01003004"
    }, 
    {
        "date": "1579290670", 
        "tid": "14384279", 
        "price": "119917000", 
        "type": "buy", 
        "amount": "0.00752246"
    }, 
    {
        "date": "1579290635", 
        "tid": "14384278", 
        "price": "120157000", 
        "type": "buy", 
        "amount": "0.00490486"
    }, 
    {
        "date": "1579290627", 
        "tid": "14384277", 
        "price": "120159000", 
        "type": "buy", 
        "amount": "0.01501464"
    }, 
    {
        "date": "1579290617", 
        "tid": "14384276", 
        "price": "120161000", 
        "type": "buy", 
        "amount": "0.00945504"
    }, 
    {
        "date": "1579290617", 
        "tid": "14384275", 
        "price": "120094000", 
        "type": "buy", 
        "amount": "0.00074470"
    }, 
    {
        "date": "1579290617", 
        "tid": "14384274", 
        "price": "120091000", 
        "type": "buy", 
        "amount": "0.00344988"
    }, 
    {
        "date": "1579290617", 
        "tid": "14384273", 
        "price": "120000000", 
        "type": "buy", 
        "amount": "0.00132153"
    }, 
    {
        "date": "1579290617", 
        "tid": "14384272", 
        "price": "119999000", 
        "type": "buy", 
        "amount": "0.00004753"
    }, 
    {
        "date": "1579290610", 
        "tid": "14384271", 
        "price": "119997000", 
        "type": "buy", 
        "amount": "0.04154308"
    }
]