[
    {
        "date": "1579335343", 
        "tid": "14386129", 
        "price": "119856000", 
        "type": "sell", 
        "amount": "0.02220529"
    }, 
    {
        "date": "1579335343", 
        "tid": "14386128", 
        "price": "119858000", 
        "type": "sell", 
        "amount": "0.00074469"
    }, 
    {
        "date": "1579335329", 
        "tid": "14386127", 
        "price": "119859000", 
        "type": "buy", 
        "amount": "0.00041591"
    }, 
    {
        "date": "1579335223", 
        "tid": "14386126", 
        "price": "119873000", 
        "type": "buy", 
        "amount": "0.03223202"
    }, 
    {
        "date": "1579335214", 
        "tid": "14386125", 
        "price": "119873000", 
        "type": "sell", 
        "amount": "0.05997091"
    }, 
    {
        "date": "1579335208", 
        "tid": "14386124", 
        "price": "119874000", 
        "type": "buy", 
        "amount": "0.00057396"
    }, 
    {
        "date": "1579335195", 
        "tid": "14386123", 
        "price": "119873000", 
        "type": "sell", 
        "amount": "0.00294961"
    }, 
    {
        "date": "1579335178", 
        "tid": "14386122", 
        "price": "119873000", 
        "type": "sell", 
        "amount": "0.00267947"
    }, 
    {
        "date": "1579335178", 
        "tid": "14386121", 
        "price": "119937000", 
        "type": "sell", 
        "amount": "0.00461353"
    }, 
    {
        "date": "1579335156", 
        "tid": "14386120", 
        "price": "119941000", 
        "type": "sell", 
        "amount": "0.02358920"
    }, 
    {
        "date": "1579335155", 
        "tid": "14386119", 
        "price": "119941000", 
        "type": "sell", 
        "amount": "0.00346173"
    }, 
    {
        "date": "1579335063", 
        "tid": "14386118", 
        "price": "119942000", 
        "type": "buy", 
        "amount": "0.00415621"
    }, 
    {
        "date": "1579335042", 
        "tid": "14386117", 
        "price": "119999000", 
        "type": "buy", 
        "amount": "0.00796406"
    }, 
    {
        "date": "1579335042", 
        "tid": "14386116", 
        "price": "119995000", 
        "type": "buy", 
        "amount": "0.01197669"
    }, 
    {
        "date": "1579335039", 
        "tid": "14386115", 
        "price": "119995000", 
        "type": "buy", 
        "amount": "0.00500758"
    }, 
    {
        "date": "1579335019", 
        "tid": "14386114", 
        "price": "119995000", 
        "type": "buy", 
        "amount": "0.01500189"
    }, 
    {
        "date": "1579334909", 
        "tid": "14386113", 
        "price": "120009000", 
        "type": "buy", 
        "amount": "0.01116279"
    }, 
    {
        "date": "1579334818", 
        "tid": "14386112", 
        "price": "120009000", 
        "type": "buy", 
        "amount": "0.01679765"
    }, 
    {
        "date": "1579334806", 
        "tid": "14386111", 
        "price": "120009000", 
        "type": "buy", 
        "amount": "0.01399804"
    }, 
    {
        "date": "1579334758", 
        "tid": "14386110", 
        "price": "120011000", 
        "type": "buy", 
        "amount": "0.01539758"
    }, 
    {
        "date": "1579334746", 
        "tid": "14386109", 
        "price": "120011000", 
        "type": "buy", 
        "amount": "0.02799562"
    }, 
    {
        "date": "1579334725", 
        "tid": "14386108", 
        "price": "120011000", 
        "type": "buy", 
        "amount": "0.00950607"
    }, 
    {
        "date": "1579334713", 
        "tid": "14386107", 
        "price": "120011000", 
        "type": "buy", 
        "amount": "0.03682002"
    }, 
    {
        "date": "1579334685", 
        "tid": "14386106", 
        "price": "120011000", 
        "type": "buy", 
        "amount": "0.01400255"
    }, 
    {
        "date": "1579334674", 
        "tid": "14386105", 
        "price": "120011000", 
        "type": "buy", 
        "amount": "0.00985645"
    }, 
    {
        "date": "1579334666", 
        "tid": "14386104", 
        "price": "120011000", 
        "type": "buy", 
        "amount": "0.00770293"
    }, 
    {
        "date": "1579334656", 
        "tid": "14386103", 
        "price": "120011000", 
        "type": "sell", 
        "amount": "0.03334883"
    }, 
    {
        "date": "1579334629", 
        "tid": "14386102", 
        "price": "120054000", 
        "type": "buy", 
        "amount": "0.01108881"
    }, 
    {
        "date": "1579334629", 
        "tid": "14386101", 
        "price": "120013000", 
        "type": "buy", 
        "amount": "0.00236051"
    }, 
    {
        "date": "1579334629", 
        "tid": "14386100", 
        "price": "120012000", 
        "type": "buy", 
        "amount": "0.00089451"
    }, 
    {
        "date": "1579334628", 
        "tid": "14386099", 
        "price": "120011000", 
        "type": "sell", 
        "amount": "0.11910540"
    }, 
    {
        "date": "1579334583", 
        "tid": "14386098", 
        "price": "120012000", 
        "type": "buy", 
        "amount": "0.00500687"
    }, 
    {
        "date": "1579334575", 
        "tid": "14386097", 
        "price": "120012000", 
        "type": "buy", 
        "amount": "0.00770287"
    }, 
    {
        "date": "1579334546", 
        "tid": "14386096", 
        "price": "120011000", 
        "type": "sell", 
        "amount": "0.02372518"
    }, 
    {
        "date": "1579334532", 
        "tid": "14386095", 
        "price": "120012000", 
        "type": "buy", 
        "amount": "0.02041260"
    }, 
    {
        "date": "1579334498", 
        "tid": "14386094", 
        "price": "120012000", 
        "type": "buy", 
        "amount": "0.00354332"
    }, 
    {
        "date": "1579334490", 
        "tid": "14386093", 
        "price": "120012000", 
        "type": "buy", 
        "amount": "0.00770287"
    }, 
    {
        "date": "1579334483", 
        "tid": "14386092", 
        "price": "120012000", 
        "type": "buy", 
        "amount": "0.00770287"
    }, 
    {
        "date": "1579334460", 
        "tid": "14386091", 
        "price": "120096000", 
        "type": "sell", 
        "amount": "1.44709503"
    }, 
    {
        "date": "1579334386", 
        "tid": "14386090", 
        "price": "120097000", 
        "type": "buy", 
        "amount": "0.00456100"
    }, 
    {
        "date": "1579334326", 
        "tid": "14386089", 
        "price": "120098000", 
        "type": "buy", 
        "amount": "0.00413658"
    }, 
    {
        "date": "1579334292", 
        "tid": "14386088", 
        "price": "120096000", 
        "type": "sell", 
        "amount": "0.53933272"
    }, 
    {
        "date": "1579334292", 
        "tid": "14386087", 
        "price": "120097000", 
        "type": "sell", 
        "amount": "0.03126728"
    }, 
    {
        "date": "1579334175", 
        "tid": "14386086", 
        "price": "120099000", 
        "type": "buy", 
        "amount": "0.03771504"
    }, 
    {
        "date": "1579334175", 
        "tid": "14386085", 
        "price": "120098000", 
        "type": "buy", 
        "amount": "0.00379280"
    }, 
    {
        "date": "1579334164", 
        "tid": "14386084", 
        "price": "120097000", 
        "type": "sell", 
        "amount": "0.00237484"
    }, 
    {
        "date": "1579334160", 
        "tid": "14386083", 
        "price": "120097000", 
        "type": "sell", 
        "amount": "0.00134504"
    }, 
    {
        "date": "1579334109", 
        "tid": "14386082", 
        "price": "120098000", 
        "type": "buy", 
        "amount": "0.00167986"
    }, 
    {
        "date": "1579334094", 
        "tid": "14386081", 
        "price": "120096000", 
        "type": "sell", 
        "amount": "0.00094232"
    }, 
    {
        "date": "1579334085", 
        "tid": "14386080", 
        "price": "120096000", 
        "type": "sell", 
        "amount": "0.01682637"
    }, 
    {
        "date": "1579334080", 
        "tid": "14386079", 
        "price": "120098000", 
        "type": "buy", 
        "amount": "0.00225804"
    }, 
    {
        "date": "1579333967", 
        "tid": "14386078", 
        "price": "120096000", 
        "type": "sell", 
        "amount": "0.00991010"
    }, 
    {
        "date": "1579333947", 
        "tid": "14386077", 
        "price": "120099000", 
        "type": "buy", 
        "amount": "0.00751107"
    }, 
    {
        "date": "1579333932", 
        "tid": "14386076", 
        "price": "120099000", 
        "type": "buy", 
        "amount": "0.00751107"
    }, 
    {
        "date": "1579333918", 
        "tid": "14386075", 
        "price": "120100000", 
        "type": "buy", 
        "amount": "0.00751100"
    }, 
    {
        "date": "1579333888", 
        "tid": "14386074", 
        "price": "120100000", 
        "type": "buy", 
        "amount": "0.00751100"
    }, 
    {
        "date": "1579333841", 
        "tid": "14386073", 
        "price": "120098000", 
        "type": "buy", 
        "amount": "0.00425263"
    }, 
    {
        "date": "1579333841", 
        "tid": "14386072", 
        "price": "120097000", 
        "type": "buy", 
        "amount": "0.00325854"
    }, 
    {
        "date": "1579333813", 
        "tid": "14386071", 
        "price": "120098000", 
        "type": "buy", 
        "amount": "0.00169342"
    }, 
    {
        "date": "1579333812", 
        "tid": "14386070", 
        "price": "119944000", 
        "type": "sell", 
        "amount": "0.00235940"
    }, 
    {
        "date": "1579333780", 
        "tid": "14386069", 
        "price": "120095000", 
        "type": "buy", 
        "amount": "0.00165113"
    }, 
    {
        "date": "1579333780", 
        "tid": "14386068", 
        "price": "120094000", 
        "type": "buy", 
        "amount": "0.00074470"
    }, 
    {
        "date": "1579333780", 
        "tid": "14386067", 
        "price": "120061000", 
        "type": "buy", 
        "amount": "0.00511695"
    }, 
    {
        "date": "1579333766", 
        "tid": "14386066", 
        "price": "120058000", 
        "type": "buy", 
        "amount": "0.00751363"
    }, 
    {
        "date": "1579333760", 
        "tid": "14386065", 
        "price": "120050000", 
        "type": "buy", 
        "amount": "0.00193162"
    }, 
    {
        "date": "1579333742", 
        "tid": "14386064", 
        "price": "120050000", 
        "type": "buy", 
        "amount": "0.00751413"
    }, 
    {
        "date": "1579333735", 
        "tid": "14386063", 
        "price": "120054000", 
        "type": "buy", 
        "amount": "0.00751388"
    }, 
    {
        "date": "1579333719", 
        "tid": "14386062", 
        "price": "120054000", 
        "type": "buy", 
        "amount": "0.00751388"
    }, 
    {
        "date": "1579333709", 
        "tid": "14386061", 
        "price": "119942000", 
        "type": "sell", 
        "amount": "0.00267061"
    }, 
    {
        "date": "1579333692", 
        "tid": "14386060", 
        "price": "120053000", 
        "type": "buy", 
        "amount": "0.00751394"
    }, 
    {
        "date": "1579333678", 
        "tid": "14386059", 
        "price": "120051000", 
        "type": "buy", 
        "amount": "0.00633079"
    }, 
    {
        "date": "1579333678", 
        "tid": "14386058", 
        "price": "120032000", 
        "type": "buy", 
        "amount": "0.00067890"
    }, 
    {
        "date": "1579333678", 
        "tid": "14386057", 
        "price": "120000000", 
        "type": "buy", 
        "amount": "0.00050472"
    }, 
    {
        "date": "1579333668", 
        "tid": "14386056", 
        "price": "119941000", 
        "type": "buy", 
        "amount": "0.00071457"
    }, 
    {
        "date": "1579333668", 
        "tid": "14386055", 
        "price": "119940000", 
        "type": "buy", 
        "amount": "0.00159389"
    }, 
    {
        "date": "1579333663", 
        "tid": "14386054", 
        "price": "119940000", 
        "type": "buy", 
        "amount": "0.00752102"
    }, 
    {
        "date": "1579333661", 
        "tid": "14386053", 
        "price": "119799000", 
        "type": "sell", 
        "amount": "0.00767000"
    }, 
    {
        "date": "1579333653", 
        "tid": "14386052", 
        "price": "119940000", 
        "type": "buy", 
        "amount": "0.00752102"
    }, 
    {
        "date": "1579333461", 
        "tid": "14386051", 
        "price": "119941000", 
        "type": "buy", 
        "amount": "0.00040743"
    }, 
    {
        "date": "1579333461", 
        "tid": "14386050", 
        "price": "119901000", 
        "type": "buy", 
        "amount": "0.00044034"
    }, 
    {
        "date": "1579333461", 
        "tid": "14386049", 
        "price": "119873000", 
        "type": "buy", 
        "amount": "0.00256592"
    }, 
    {
        "date": "1579333461", 
        "tid": "14386048", 
        "price": "119858000", 
        "type": "buy", 
        "amount": "0.00074470"
    }, 
    {
        "date": "1579333453", 
        "tid": "14386047", 
        "price": "119774000", 
        "type": "sell", 
        "amount": "0.00050472"
    }, 
    {
        "date": "1579333447", 
        "tid": "14386046", 
        "price": "120099000", 
        "type": "sell", 
        "amount": "0.00861366"
    }, 
    {
        "date": "1579333439", 
        "tid": "14386045", 
        "price": "119490000", 
        "type": "sell", 
        "amount": "0.04560626"
    }, 
    {
        "date": "1579333439", 
        "tid": "14386044", 
        "price": "119490000", 
        "type": "sell", 
        "amount": "1.32847164"
    }, 
    {
        "date": "1579333439", 
        "tid": "14386043", 
        "price": "119492000", 
        "type": "sell", 
        "amount": "0.25106283"
    }, 
    {
        "date": "1579333439", 
        "tid": "14386042", 
        "price": "119500000", 
        "type": "sell", 
        "amount": "3.46996324"
    }, 
    {
        "date": "1579333439", 
        "tid": "14386041", 
        "price": "119501000", 
        "type": "sell", 
        "amount": "0.00050878"
    }, 
    {
        "date": "1579333439", 
        "tid": "14386040", 
        "price": "119510000", 
        "type": "sell", 
        "amount": "0.00836750"
    }, 
    {
        "date": "1579333439", 
        "tid": "14386039", 
        "price": "119534000", 
        "type": "sell", 
        "amount": "0.08478505"
    }, 
    {
        "date": "1579333439", 
        "tid": "14386038", 
        "price": "119536000", 
        "type": "sell", 
        "amount": "0.00044033"
    }, 
    {
        "date": "1579333439", 
        "tid": "14386037", 
        "price": "119537000", 
        "type": "sell", 
        "amount": "0.00798757"
    }, 
    {
        "date": "1579333439", 
        "tid": "14386036", 
        "price": "119540000", 
        "type": "sell", 
        "amount": "0.00418270"
    }, 
    {
        "date": "1579333439", 
        "tid": "14386035", 
        "price": "119547000", 
        "type": "sell", 
        "amount": "0.00418245"
    }, 
    {
        "date": "1579333439", 
        "tid": "14386034", 
        "price": "119550000", 
        "type": "sell", 
        "amount": "0.13383520"
    }, 
    {
        "date": "1579333439", 
        "tid": "14386033", 
        "price": "119556000", 
        "type": "sell", 
        "amount": "0.04529079"
    }, 
    {
        "date": "1579333439", 
        "tid": "14386032", 
        "price": "119570000", 
        "type": "sell", 
        "amount": "0.01515381"
    }, 
    {
        "date": "1579333439", 
        "tid": "14386031", 
        "price": "119574000", 
        "type": "sell", 
        "amount": "0.02090755"
    }, 
    {
        "date": "1579333439", 
        "tid": "14386030", 
        "price": "119578000", 
        "type": "sell", 
        "amount": "0.04599913"
    }, 
    {
        "date": "1579333439", 
        "tid": "14386029", 
        "price": "119599000", 
        "type": "sell", 
        "amount": "0.00787981"
    }, 
    {
        "date": "1579333439", 
        "tid": "14386028", 
        "price": "119600000", 
        "type": "sell", 
        "amount": "0.02163415"
    }, 
    {
        "date": "1579333439", 
        "tid": "14386027", 
        "price": "119601000", 
        "type": "sell", 
        "amount": "0.04521123"
    }, 
    {
        "date": "1579333439", 
        "tid": "14386026", 
        "price": "119622000", 
        "type": "sell", 
        "amount": "0.00074470"
    }, 
    {
        "date": "1579333439", 
        "tid": "14386025", 
        "price": "119625000", 
        "type": "sell", 
        "amount": "0.00256592"
    }, 
    {
        "date": "1579333439", 
        "tid": "14386024", 
        "price": "119640000", 
        "type": "sell", 
        "amount": "0.17761618"
    }, 
    {
        "date": "1579333439", 
        "tid": "14386023", 
        "price": "119647000", 
        "type": "sell", 
        "amount": "0.00115350"
    }, 
    {
        "date": "1579333439", 
        "tid": "14386022", 
        "price": "119667000", 
        "type": "sell", 
        "amount": "0.08356522"
    }, 
    {
        "date": "1579333439", 
        "tid": "14386021", 
        "price": "119670000", 
        "type": "sell", 
        "amount": "0.00417815"
    }, 
    {
        "date": "1579333439", 
        "tid": "14386020", 
        "price": "119678000", 
        "type": "sell", 
        "amount": "0.03000000"
    }, 
    {
        "date": "1579333439", 
        "tid": "14386019", 
        "price": "119681000", 
        "type": "sell", 
        "amount": "0.01520708"
    }, 
    {
        "date": "1579333439", 
        "tid": "14386018", 
        "price": "119685000", 
        "type": "sell", 
        "amount": "0.00279177"
    }, 
    {
        "date": "1579333439", 
        "tid": "14386017", 
        "price": "119700000", 
        "type": "sell", 
        "amount": "0.15604412"
    }, 
    {
        "date": "1579333439", 
        "tid": "14386016", 
        "price": "119703000", 
        "type": "sell", 
        "amount": "0.00417700"
    }, 
    {
        "date": "1579333439", 
        "tid": "14386015", 
        "price": "119713000", 
        "type": "sell", 
        "amount": "0.00067889"
    }, 
    {
        "date": "1579333439", 
        "tid": "14386014", 
        "price": "119715000", 
        "type": "sell", 
        "amount": "0.00112199"
    }, 
    {
        "date": "1579333439", 
        "tid": "14386013", 
        "price": "119720000", 
        "type": "sell", 
        "amount": "0.00417641"
    }, 
    {
        "date": "1579333439", 
        "tid": "14386012", 
        "price": "119727000", 
        "type": "sell", 
        "amount": "0.00053670"
    }, 
    {
        "date": "1579333439", 
        "tid": "14386011", 
        "price": "119733000", 
        "type": "sell", 
        "amount": "0.16703832"
    }, 
    {
        "date": "1579333439", 
        "tid": "14386010", 
        "price": "119750000", 
        "type": "sell", 
        "amount": "0.04052217"
    }, 
    {
        "date": "1579333439", 
        "tid": "14386009", 
        "price": "119758000", 
        "type": "sell", 
        "amount": "0.00835017"
    }, 
    {
        "date": "1579333439", 
        "tid": "14386008", 
        "price": "119800000", 
        "type": "sell", 
        "amount": "0.52036874"
    }, 
    {
        "date": "1579333439", 
        "tid": "14386007", 
        "price": "119808000", 
        "type": "sell", 
        "amount": "0.00134782"
    }, 
    {
        "date": "1579333439", 
        "tid": "14386006", 
        "price": "119810000", 
        "type": "sell", 
        "amount": "0.01006884"
    }, 
    {
        "date": "1579333439", 
        "tid": "14386005", 
        "price": "119815000", 
        "type": "sell", 
        "amount": "0.60000000"
    }, 
    {
        "date": "1579333439", 
        "tid": "14386004", 
        "price": "119831000", 
        "type": "sell", 
        "amount": "0.00175246"
    }, 
    {
        "date": "1579333439", 
        "tid": "14386003", 
        "price": "119840000", 
        "type": "sell", 
        "amount": "0.57147461"
    }, 
    {
        "date": "1579333439", 
        "tid": "14386002", 
        "price": "119843000", 
        "type": "sell", 
        "amount": "0.01203847"
    }, 
    {
        "date": "1579333439", 
        "tid": "14386001", 
        "price": "119847000", 
        "type": "sell", 
        "amount": "0.09708854"
    }, 
    {
        "date": "1579333439", 
        "tid": "14386000", 
        "price": "119849000", 
        "type": "sell", 
        "amount": "0.03998441"
    }, 
    {
        "date": "1579333439", 
        "tid": "14385999", 
        "price": "119850000", 
        "type": "sell", 
        "amount": "0.20297728"
    }, 
    {
        "date": "1579333439", 
        "tid": "14385998", 
        "price": "119857000", 
        "type": "sell", 
        "amount": "1.90551448"
    }, 
    {
        "date": "1579333439", 
        "tid": "14385997", 
        "price": "119858000", 
        "type": "sell", 
        "amount": "0.00074469"
    }, 
    {
        "date": "1579333439", 
        "tid": "14385996", 
        "price": "119859000", 
        "type": "sell", 
        "amount": "0.37472363"
    }, 
    {
        "date": "1579333439", 
        "tid": "14385995", 
        "price": "119880000", 
        "type": "sell", 
        "amount": "0.00365958"
    }, 
    {
        "date": "1579333439", 
        "tid": "14385994", 
        "price": "119886000", 
        "type": "sell", 
        "amount": "0.03996554"
    }, 
    {
        "date": "1579333439", 
        "tid": "14385993", 
        "price": "119887000", 
        "type": "sell", 
        "amount": "0.17025964"
    }, 
    {
        "date": "1579333439", 
        "tid": "14385992", 
        "price": "119889000", 
        "type": "sell", 
        "amount": "1.23398815"
    }, 
    {
        "date": "1579333439", 
        "tid": "14385991", 
        "price": "119897000", 
        "type": "sell", 
        "amount": "0.00535915"
    }, 
    {
        "date": "1579333439", 
        "tid": "14385990", 
        "price": "119900000", 
        "type": "sell", 
        "amount": "0.02620319"
    }, 
    {
        "date": "1579333439", 
        "tid": "14385989", 
        "price": "119945000", 
        "type": "sell", 
        "amount": "0.19880000"
    }, 
    {
        "date": "1579333439", 
        "tid": "14385988", 
        "price": "119950000", 
        "type": "sell", 
        "amount": "0.05668403"
    }, 
    {
        "date": "1579333439", 
        "tid": "14385987", 
        "price": "119951000", 
        "type": "sell", 
        "amount": "0.00800349"
    }, 
    {
        "date": "1579333439", 
        "tid": "14385986", 
        "price": "119953000", 
        "type": "sell", 
        "amount": "0.00833659"
    }, 
    {
        "date": "1579333439", 
        "tid": "14385985", 
        "price": "119960000", 
        "type": "sell", 
        "amount": "0.00574479"
    }, 
    {
        "date": "1579333439", 
        "tid": "14385984", 
        "price": "119989000", 
        "type": "sell", 
        "amount": "0.00752373"
    }, 
    {
        "date": "1579333439", 
        "tid": "14385983", 
        "price": "119990000", 
        "type": "sell", 
        "amount": "0.31923383"
    }, 
    {
        "date": "1579333439", 
        "tid": "14385982", 
        "price": "119991000", 
        "type": "sell", 
        "amount": "0.00908856"
    }, 
    {
        "date": "1579333439", 
        "tid": "14385981", 
        "price": "120000000", 
        "type": "sell", 
        "amount": "0.20301738"
    }, 
    {
        "date": "1579333439", 
        "tid": "14385980", 
        "price": "120001000", 
        "type": "sell", 
        "amount": "0.02916642"
    }
]