[
    {
        "date": "1579386822", 
        "tid": "14388142", 
        "price": "120800000", 
        "type": "sell", 
        "amount": "1.00412054"
    }, 
    {
        "date": "1579386822", 
        "tid": "14388141", 
        "price": "120803000", 
        "type": "sell", 
        "amount": "0.00827794"
    }, 
    {
        "date": "1579386634", 
        "tid": "14388140", 
        "price": "120804000", 
        "type": "buy", 
        "amount": "0.00137628"
    }, 
    {
        "date": "1579386634", 
        "tid": "14388139", 
        "price": "120801000", 
        "type": "buy", 
        "amount": "0.00023300"
    }, 
    {
        "date": "1579386609", 
        "tid": "14388138", 
        "price": "120800000", 
        "type": "sell", 
        "amount": "0.00161900"
    }, 
    {
        "date": "1579386596", 
        "tid": "14388137", 
        "price": "120800000", 
        "type": "sell", 
        "amount": "0.00112233"
    }, 
    {
        "date": "1579386591", 
        "tid": "14388136", 
        "price": "120801000", 
        "type": "buy", 
        "amount": "0.00051170"
    }, 
    {
        "date": "1579386484", 
        "tid": "14388135", 
        "price": "120800000", 
        "type": "sell", 
        "amount": "0.00338116"
    }, 
    {
        "date": "1579386458", 
        "tid": "14388134", 
        "price": "120800000", 
        "type": "sell", 
        "amount": "0.00090909"
    }, 
    {
        "date": "1579386443", 
        "tid": "14388133", 
        "price": "120800000", 
        "type": "sell", 
        "amount": "0.00223083"
    }, 
    {
        "date": "1579386275", 
        "tid": "14388132", 
        "price": "120800000", 
        "type": "buy", 
        "amount": "0.31431735"
    }, 
    {
        "date": "1579385859", 
        "tid": "14388131", 
        "price": "120775000", 
        "type": "buy", 
        "amount": "0.00244095"
    }, 
    {
        "date": "1579385859", 
        "tid": "14388130", 
        "price": "120744000", 
        "type": "buy", 
        "amount": "0.00330384"
    }, 
    {
        "date": "1579385726", 
        "tid": "14388129", 
        "price": "120715000", 
        "type": "buy", 
        "amount": "0.94192699"
    }, 
    {
        "date": "1579385711", 
        "tid": "14388128", 
        "price": "120715000", 
        "type": "buy", 
        "amount": "0.00891788"
    }, 
    {
        "date": "1579385603", 
        "tid": "14388127", 
        "price": "120715000", 
        "type": "buy", 
        "amount": "0.01156287"
    }, 
    {
        "date": "1579385587", 
        "tid": "14388126", 
        "price": "120715000", 
        "type": "buy", 
        "amount": "0.01982209"
    }, 
    {
        "date": "1579385327", 
        "tid": "14388125", 
        "price": "120715000", 
        "type": "buy", 
        "amount": "0.00041296"
    }, 
    {
        "date": "1579385251", 
        "tid": "14388124", 
        "price": "120744000", 
        "type": "sell", 
        "amount": "0.00233781"
    }, 
    {
        "date": "1579384534", 
        "tid": "14388123", 
        "price": "120744000", 
        "type": "sell", 
        "amount": "0.00010316"
    }, 
    {
        "date": "1579384377", 
        "tid": "14388122", 
        "price": "120800000", 
        "type": "buy", 
        "amount": "0.03377127"
    }, 
    {
        "date": "1579384377", 
        "tid": "14388121", 
        "price": "120799000", 
        "type": "buy", 
        "amount": "0.19481677"
    }, 
    {
        "date": "1579384377", 
        "tid": "14388120", 
        "price": "120798000", 
        "type": "buy", 
        "amount": "0.00797354"
    }, 
    {
        "date": "1579384377", 
        "tid": "14388119", 
        "price": "120775000", 
        "type": "buy", 
        "amount": "0.00244095"
    }, 
    {
        "date": "1579384377", 
        "tid": "14388118", 
        "price": "120750000", 
        "type": "buy", 
        "amount": "0.00050472"
    }, 
    {
        "date": "1579384377", 
        "tid": "14388117", 
        "price": "120744000", 
        "type": "buy", 
        "amount": "0.00322055"
    }, 
    {
        "date": "1579384377", 
        "tid": "14388116", 
        "price": "120714000", 
        "type": "buy", 
        "amount": "0.00244095"
    }, 
    {
        "date": "1579384377", 
        "tid": "14388115", 
        "price": "120683000", 
        "type": "buy", 
        "amount": "0.00244095"
    }, 
    {
        "date": "1579384236", 
        "tid": "14388114", 
        "price": "120659000", 
        "type": "sell", 
        "amount": "0.00417142"
    }, 
    {
        "date": "1579384167", 
        "tid": "14388113", 
        "price": "120659000", 
        "type": "buy", 
        "amount": "0.00077960"
    }, 
    {
        "date": "1579384057", 
        "tid": "14388112", 
        "price": "120653000", 
        "type": "sell", 
        "amount": "0.00244095"
    }, 
    {
        "date": "1579384041", 
        "tid": "14388111", 
        "price": "120653000", 
        "type": "buy", 
        "amount": "0.00143214"
    }, 
    {
        "date": "1579384037", 
        "tid": "14388110", 
        "price": "120574000", 
        "type": "sell", 
        "amount": "0.06495246"
    }, 
    {
        "date": "1579384037", 
        "tid": "14388109", 
        "price": "120575000", 
        "type": "sell", 
        "amount": "0.00424126"
    }, 
    {
        "date": "1579384037", 
        "tid": "14388108", 
        "price": "120576000", 
        "type": "sell", 
        "amount": "0.00296885"
    }, 
    {
        "date": "1579384037", 
        "tid": "14388107", 
        "price": "120577000", 
        "type": "sell", 
        "amount": "0.00169647"
    }, 
    {
        "date": "1579384037", 
        "tid": "14388106", 
        "price": "120591000", 
        "type": "sell", 
        "amount": "0.00244096"
    }, 
    {
        "date": "1579383886", 
        "tid": "14388105", 
        "price": "120622000", 
        "type": "buy", 
        "amount": "0.00284203"
    }, 
    {
        "date": "1579383719", 
        "tid": "14388104", 
        "price": "120621000", 
        "type": "sell", 
        "amount": "0.09765200"
    }, 
    {
        "date": "1579383584", 
        "tid": "14388103", 
        "price": "120621000", 
        "type": "sell", 
        "amount": "0.01377047"
    }, 
    {
        "date": "1579383530", 
        "tid": "14388102", 
        "price": "120621000", 
        "type": "sell", 
        "amount": "0.00116000"
    }, 
    {
        "date": "1579383516", 
        "tid": "14388101", 
        "price": "120530000", 
        "type": "sell", 
        "amount": "0.00678873"
    }, 
    {
        "date": "1579383506", 
        "tid": "14388100", 
        "price": "120622000", 
        "type": "buy", 
        "amount": "0.00163908"
    }, 
    {
        "date": "1579383506", 
        "tid": "14388099", 
        "price": "120591000", 
        "type": "buy", 
        "amount": "0.00244095"
    }, 
    {
        "date": "1579383506", 
        "tid": "14388098", 
        "price": "120574000", 
        "type": "buy", 
        "amount": "0.00077960"
    }, 
    {
        "date": "1579383506", 
        "tid": "14388097", 
        "price": "120561000", 
        "type": "buy", 
        "amount": "0.00244095"
    }, 
    {
        "date": "1579383506", 
        "tid": "14388096", 
        "price": "120530000", 
        "type": "buy", 
        "amount": "0.00244095"
    }, 
    {
        "date": "1579383335", 
        "tid": "14388095", 
        "price": "120477000", 
        "type": "sell", 
        "amount": "0.02066027"
    }, 
    {
        "date": "1579383335", 
        "tid": "14388094", 
        "price": "120489000", 
        "type": "sell", 
        "amount": "0.00077959"
    }, 
    {
        "date": "1579383335", 
        "tid": "14388093", 
        "price": "120492000", 
        "type": "sell", 
        "amount": "0.00156773"
    }, 
    {
        "date": "1579383335", 
        "tid": "14388092", 
        "price": "120500000", 
        "type": "sell", 
        "amount": "0.08716018"
    }, 
    {
        "date": "1579383335", 
        "tid": "14388091", 
        "price": "120501000", 
        "type": "sell", 
        "amount": "0.02352614"
    }, 
    {
        "date": "1579383335", 
        "tid": "14388090", 
        "price": "120502000", 
        "type": "sell", 
        "amount": "0.03053437"
    }, 
    {
        "date": "1579383335", 
        "tid": "14388089", 
        "price": "120530000", 
        "type": "sell", 
        "amount": "0.00244096"
    }, 
    {
        "date": "1579383335", 
        "tid": "14388088", 
        "price": "120561000", 
        "type": "sell", 
        "amount": "0.00244094"
    }, 
    {
        "date": "1579383335", 
        "tid": "14388087", 
        "price": "120591000", 
        "type": "sell", 
        "amount": "0.00244096"
    }, 
    {
        "date": "1579382652", 
        "tid": "14388086", 
        "price": "120653000", 
        "type": "buy", 
        "amount": "0.00100881"
    }, 
    {
        "date": "1579382652", 
        "tid": "14388085", 
        "price": "120650000", 
        "type": "buy", 
        "amount": "0.00100000"
    }, 
    {
        "date": "1579382652", 
        "tid": "14388084", 
        "price": "120622000", 
        "type": "buy", 
        "amount": "0.00050710"
    }, 
    {
        "date": "1579382652", 
        "tid": "14388083", 
        "price": "120591000", 
        "type": "buy", 
        "amount": "0.00244095"
    }, 
    {
        "date": "1579382652", 
        "tid": "14388082", 
        "price": "120561000", 
        "type": "buy", 
        "amount": "0.00331055"
    }, 
    {
        "date": "1579382335", 
        "tid": "14388081", 
        "price": "120501000", 
        "type": "sell", 
        "amount": "0.00076466"
    }, 
    {
        "date": "1579381911", 
        "tid": "14388080", 
        "price": "120502000", 
        "type": "sell", 
        "amount": "0.49705904"
    }, 
    {
        "date": "1579381835", 
        "tid": "14388079", 
        "price": "120503000", 
        "type": "sell", 
        "amount": "0.00631400"
    }, 
    {
        "date": "1579381378", 
        "tid": "14388078", 
        "price": "120530000", 
        "type": "sell", 
        "amount": "0.00244096"
    }, 
    {
        "date": "1579380892", 
        "tid": "14388077", 
        "price": "120531000", 
        "type": "sell", 
        "amount": "0.17724486"
    }, 
    {
        "date": "1579380892", 
        "tid": "14388076", 
        "price": "120560000", 
        "type": "sell", 
        "amount": "0.00100000"
    }, 
    {
        "date": "1579380892", 
        "tid": "14388075", 
        "price": "120561000", 
        "type": "sell", 
        "amount": "0.01014508"
    }, 
    {
        "date": "1579380892", 
        "tid": "14388074", 
        "price": "120562000", 
        "type": "sell", 
        "amount": "0.15028516"
    }, 
    {
        "date": "1579380892", 
        "tid": "14388073", 
        "price": "120589000", 
        "type": "sell", 
        "amount": "0.00418776"
    }, 
    {
        "date": "1579380359", 
        "tid": "14388072", 
        "price": "120618000", 
        "type": "buy", 
        "amount": "0.00062941"
    }, 
    {
        "date": "1579380342", 
        "tid": "14388071", 
        "price": "120622000", 
        "type": "buy", 
        "amount": "0.00110730"
    }, 
    {
        "date": "1579380078", 
        "tid": "14388070", 
        "price": "120622000", 
        "type": "buy", 
        "amount": "0.00082655"
    }, 
    {
        "date": "1579379863", 
        "tid": "14388069", 
        "price": "120588000", 
        "type": "sell", 
        "amount": "0.00946697"
    }, 
    {
        "date": "1579379799", 
        "tid": "14388068", 
        "price": "120573000", 
        "type": "sell", 
        "amount": "0.32362095"
    }, 
    {
        "date": "1579379799", 
        "tid": "14388067", 
        "price": "120574000", 
        "type": "sell", 
        "amount": "0.00077959"
    }, 
    {
        "date": "1579379799", 
        "tid": "14388066", 
        "price": "120591000", 
        "type": "sell", 
        "amount": "0.00244096"
    }, 
    {
        "date": "1579379799", 
        "tid": "14388065", 
        "price": "120622000", 
        "type": "sell", 
        "amount": "0.00244095"
    }, 
    {
        "date": "1579379799", 
        "tid": "14388064", 
        "price": "120652000", 
        "type": "sell", 
        "amount": "0.21774606"
    }, 
    {
        "date": "1579379799", 
        "tid": "14388063", 
        "price": "120653000", 
        "type": "sell", 
        "amount": "0.00417373"
    }, 
    {
        "date": "1579379799", 
        "tid": "14388062", 
        "price": "120659000", 
        "type": "sell", 
        "amount": "0.00077960"
    }, 
    {
        "date": "1579379799", 
        "tid": "14388061", 
        "price": "120660000", 
        "type": "sell", 
        "amount": "0.87603337"
    }, 
    {
        "date": "1579379799", 
        "tid": "14388060", 
        "price": "120661000", 
        "type": "sell", 
        "amount": "0.18774204"
    }, 
    {
        "date": "1579379799", 
        "tid": "14388059", 
        "price": "120662000", 
        "type": "sell", 
        "amount": "0.00797354"
    }, 
    {
        "date": "1579379799", 
        "tid": "14388058", 
        "price": "120664000", 
        "type": "sell", 
        "amount": "0.00224984"
    }, 
    {
        "date": "1579379799", 
        "tid": "14388057", 
        "price": "120665000", 
        "type": "sell", 
        "amount": "0.00554583"
    }, 
    {
        "date": "1579379799", 
        "tid": "14388056", 
        "price": "120666000", 
        "type": "sell", 
        "amount": "0.00426599"
    }, 
    {
        "date": "1579379799", 
        "tid": "14388055", 
        "price": "120667000", 
        "type": "sell", 
        "amount": "0.00298616"
    }, 
    {
        "date": "1579379799", 
        "tid": "14388054", 
        "price": "120668000", 
        "type": "sell", 
        "amount": "0.00170636"
    }, 
    {
        "date": "1579379799", 
        "tid": "14388053", 
        "price": "120683000", 
        "type": "sell", 
        "amount": "0.00244095"
    }, 
    {
        "date": "1579379799", 
        "tid": "14388052", 
        "price": "120714000", 
        "type": "sell", 
        "amount": "0.00244095"
    }, 
    {
        "date": "1579379799", 
        "tid": "14388051", 
        "price": "120744000", 
        "type": "sell", 
        "amount": "0.05610818"
    }, 
    {
        "date": "1579379796", 
        "tid": "14388050", 
        "price": "120800000", 
        "type": "buy", 
        "amount": "0.00751058"
    }, 
    {
        "date": "1579379398", 
        "tid": "14388049", 
        "price": "120800000", 
        "type": "buy", 
        "amount": "0.00074280"
    }, 
    {
        "date": "1579379395", 
        "tid": "14388048", 
        "price": "120800000", 
        "type": "buy", 
        "amount": "0.00074280"
    }, 
    {
        "date": "1579379389", 
        "tid": "14388047", 
        "price": "120800000", 
        "type": "buy", 
        "amount": "0.00081296"
    }, 
    {
        "date": "1579379313", 
        "tid": "14388046", 
        "price": "120800000", 
        "type": "buy", 
        "amount": "0.00165067"
    }, 
    {
        "date": "1579379291", 
        "tid": "14388045", 
        "price": "120744000", 
        "type": "sell", 
        "amount": "0.00117010"
    }, 
    {
        "date": "1579379291", 
        "tid": "14388044", 
        "price": "120745000", 
        "type": "sell", 
        "amount": "0.00100000"
    }, 
    {
        "date": "1579379252", 
        "tid": "14388043", 
        "price": "120800000", 
        "type": "buy", 
        "amount": "0.00873465"
    }, 
    {
        "date": "1579379252", 
        "tid": "14388042", 
        "price": "120775000", 
        "type": "buy", 
        "amount": "0.00244095"
    }, 
    {
        "date": "1579379174", 
        "tid": "14388041", 
        "price": "120744000", 
        "type": "sell", 
        "amount": "0.01248464"
    }, 
    {
        "date": "1579379157", 
        "tid": "14388040", 
        "price": "120800000", 
        "type": "buy", 
        "amount": "0.15538387"
    }, 
    {
        "date": "1579379157", 
        "tid": "14388039", 
        "price": "120799000", 
        "type": "buy", 
        "amount": "0.02431731"
    }, 
    {
        "date": "1579378748", 
        "tid": "14388038", 
        "price": "120744000", 
        "type": "sell", 
        "amount": "0.00086598"
    }, 
    {
        "date": "1579378745", 
        "tid": "14388037", 
        "price": "120744000", 
        "type": "sell", 
        "amount": "0.00101688"
    }, 
    {
        "date": "1579378253", 
        "tid": "14388036", 
        "price": "120799000", 
        "type": "buy", 
        "amount": "0.01464988"
    }, 
    {
        "date": "1579378183", 
        "tid": "14388035", 
        "price": "120799000", 
        "type": "buy", 
        "amount": "0.00933361"
    }, 
    {
        "date": "1579377854", 
        "tid": "14388034", 
        "price": "120799000", 
        "type": "buy", 
        "amount": "0.00364944"
    }, 
    {
        "date": "1579377693", 
        "tid": "14388033", 
        "price": "120799000", 
        "type": "buy", 
        "amount": "0.09931333"
    }, 
    {
        "date": "1579377693", 
        "tid": "14388032", 
        "price": "120798000", 
        "type": "buy", 
        "amount": "0.00314779"
    }, 
    {
        "date": "1579377693", 
        "tid": "14388031", 
        "price": "120775000", 
        "type": "buy", 
        "amount": "0.00244095"
    }, 
    {
        "date": "1579377693", 
        "tid": "14388030", 
        "price": "120744000", 
        "type": "buy", 
        "amount": "0.00322055"
    }, 
    {
        "date": "1579377693", 
        "tid": "14388029", 
        "price": "120715000", 
        "type": "buy", 
        "amount": "0.04414483"
    }, 
    {
        "date": "1579377693", 
        "tid": "14388028", 
        "price": "120714000", 
        "type": "buy", 
        "amount": "0.00244095"
    }, 
    {
        "date": "1579377693", 
        "tid": "14388027", 
        "price": "120683000", 
        "type": "buy", 
        "amount": "0.00244095"
    }, 
    {
        "date": "1579377624", 
        "tid": "14388026", 
        "price": "120653000", 
        "type": "sell", 
        "amount": "0.00548765"
    }, 
    {
        "date": "1579377624", 
        "tid": "14388025", 
        "price": "120683000", 
        "type": "sell", 
        "amount": "0.00244095"
    }, 
    {
        "date": "1579377544", 
        "tid": "14388024", 
        "price": "120715000", 
        "type": "buy", 
        "amount": "0.00185430"
    }, 
    {
        "date": "1579377544", 
        "tid": "14388023", 
        "price": "120714000", 
        "type": "buy", 
        "amount": "0.00095901"
    }, 
    {
        "date": "1579377544", 
        "tid": "14388022", 
        "price": "120654000", 
        "type": "buy", 
        "amount": "0.00131698"
    }, 
    {
        "date": "1579376854", 
        "tid": "14388021", 
        "price": "120714000", 
        "type": "buy", 
        "amount": "0.00148194"
    }, 
    {
        "date": "1579376854", 
        "tid": "14388020", 
        "price": "120683000", 
        "type": "buy", 
        "amount": "0.00244095"
    }, 
    {
        "date": "1579376854", 
        "tid": "14388019", 
        "price": "120653000", 
        "type": "buy", 
        "amount": "0.00078827"
    }, 
    {
        "date": "1579376095", 
        "tid": "14388018", 
        "price": "120597000", 
        "type": "sell", 
        "amount": "0.00042000"
    }, 
    {
        "date": "1579376095", 
        "tid": "14388017", 
        "price": "120653000", 
        "type": "buy", 
        "amount": "0.00165268"
    }, 
    {
        "date": "1579376077", 
        "tid": "14388016", 
        "price": "120597000", 
        "type": "sell", 
        "amount": "0.00272779"
    }, 
    {
        "date": "1579376077", 
        "tid": "14388015", 
        "price": "120622000", 
        "type": "sell", 
        "amount": "0.00244095"
    }, 
    {
        "date": "1579376077", 
        "tid": "14388014", 
        "price": "120647000", 
        "type": "sell", 
        "amount": "0.00047245"
    }, 
    {
        "date": "1579376077", 
        "tid": "14388013", 
        "price": "120653000", 
        "type": "sell", 
        "amount": "0.00244095"
    }, 
    {
        "date": "1579376077", 
        "tid": "14388012", 
        "price": "120659000", 
        "type": "sell", 
        "amount": "0.00077960"
    }, 
    {
        "date": "1579376077", 
        "tid": "14388011", 
        "price": "120683000", 
        "type": "sell", 
        "amount": "0.00244095"
    }, 
    {
        "date": "1579376077", 
        "tid": "14388010", 
        "price": "120714000", 
        "type": "sell", 
        "amount": "0.00244095"
    }, 
    {
        "date": "1579376077", 
        "tid": "14388009", 
        "price": "120744000", 
        "type": "sell", 
        "amount": "0.00176874"
    }, 
    {
        "date": "1579376058", 
        "tid": "14388008", 
        "price": "120799000", 
        "type": "buy", 
        "amount": "0.15542920"
    }, 
    {
        "date": "1579376058", 
        "tid": "14388007", 
        "price": "120798000", 
        "type": "buy", 
        "amount": "0.00393860"
    }, 
    {
        "date": "1579376058", 
        "tid": "14388006", 
        "price": "120797000", 
        "type": "buy", 
        "amount": "0.00223925"
    }, 
    {
        "date": "1579376058", 
        "tid": "14388005", 
        "price": "120796000", 
        "type": "buy", 
        "amount": "0.00156749"
    }, 
    {
        "date": "1579376058", 
        "tid": "14388004", 
        "price": "120795000", 
        "type": "buy", 
        "amount": "0.00089572"
    }, 
    {
        "date": "1579376058", 
        "tid": "14388003", 
        "price": "120745000", 
        "type": "buy", 
        "amount": "0.00100000"
    }, 
    {
        "date": "1579375308", 
        "tid": "14388002", 
        "price": "120799000", 
        "type": "buy", 
        "amount": "0.01951942"
    }, 
    {
        "date": "1579375272", 
        "tid": "14388001", 
        "price": "120744000", 
        "type": "sell", 
        "amount": "0.00067223"
    }, 
    {
        "date": "1579375199", 
        "tid": "14388000", 
        "price": "120799000", 
        "type": "buy", 
        "amount": "0.00050346"
    }, 
    {
        "date": "1579375137", 
        "tid": "14387999", 
        "price": "120799000", 
        "type": "sell", 
        "amount": "0.00323659"
    }, 
    {
        "date": "1579375133", 
        "tid": "14387998", 
        "price": "120799000", 
        "type": "buy", 
        "amount": "0.00089569"
    }, 
    {
        "date": "1579375003", 
        "tid": "14387997", 
        "price": "120800000", 
        "type": "buy", 
        "amount": "0.00875297"
    }, 
    {
        "date": "1579375003", 
        "tid": "14387996", 
        "price": "120799000", 
        "type": "buy", 
        "amount": "0.03903564"
    }, 
    {
        "date": "1579375003", 
        "tid": "14387995", 
        "price": "120785000", 
        "type": "buy", 
        "amount": "0.00680000"
    }, 
    {
        "date": "1579375003", 
        "tid": "14387994", 
        "price": "120775000", 
        "type": "buy", 
        "amount": "0.01499999"
    }, 
    {
        "date": "1579374900", 
        "tid": "14387993", 
        "price": "120744000", 
        "type": "sell", 
        "amount": "0.01500000"
    }
]