[
    {
        "date": "1579338431", 
        "tid": "14386302", 
        "price": "120195000", 
        "type": "buy", 
        "amount": "0.00502926"
    }, 
    {
        "date": "1579338431", 
        "tid": "14386301", 
        "price": "120193000", 
        "type": "buy", 
        "amount": "0.08402737"
    }, 
    {
        "date": "1579338431", 
        "tid": "14386300", 
        "price": "120175000", 
        "type": "buy", 
        "amount": "0.00085800"
    }, 
    {
        "date": "1579338337", 
        "tid": "14386299", 
        "price": "120180000", 
        "type": "buy", 
        "amount": "0.04115673"
    }, 
    {
        "date": "1579338337", 
        "tid": "14386298", 
        "price": "120167000", 
        "type": "buy", 
        "amount": "0.09988548"
    }, 
    {
        "date": "1579338199", 
        "tid": "14386297", 
        "price": "119987000", 
        "type": "sell", 
        "amount": "0.00085800"
    }, 
    {
        "date": "1579338168", 
        "tid": "14386296", 
        "price": "120178000", 
        "type": "buy", 
        "amount": "0.05079817"
    }, 
    {
        "date": "1579338167", 
        "tid": "14386295", 
        "price": "120150000", 
        "type": "buy", 
        "amount": "0.00141783"
    }, 
    {
        "date": "1579338154", 
        "tid": "14386294", 
        "price": "120150000", 
        "type": "buy", 
        "amount": "0.00022696"
    }, 
    {
        "date": "1579338154", 
        "tid": "14386293", 
        "price": "119990000", 
        "type": "buy", 
        "amount": "0.00068422"
    }, 
    {
        "date": "1579338130", 
        "tid": "14386292", 
        "price": "120150000", 
        "type": "buy", 
        "amount": "0.00077127"
    }, 
    {
        "date": "1579338107", 
        "tid": "14386291", 
        "price": "119989000", 
        "type": "sell", 
        "amount": "0.05790505"
    }, 
    {
        "date": "1579338107", 
        "tid": "14386290", 
        "price": "120094000", 
        "type": "sell", 
        "amount": "0.00195781"
    }, 
    {
        "date": "1579338065", 
        "tid": "14386289", 
        "price": "120094000", 
        "type": "sell", 
        "amount": "0.00150995"
    }, 
    {
        "date": "1579337987", 
        "tid": "14386288", 
        "price": "120150000", 
        "type": "buy", 
        "amount": "0.00181893"
    }, 
    {
        "date": "1579337929", 
        "tid": "14386287", 
        "price": "120150000", 
        "type": "buy", 
        "amount": "0.00407104"
    }, 
    {
        "date": "1579337929", 
        "tid": "14386286", 
        "price": "119987000", 
        "type": "buy", 
        "amount": "0.00215543"
    }, 
    {
        "date": "1579337849", 
        "tid": "14386285", 
        "price": "119987000", 
        "type": "buy", 
        "amount": "0.04677310"
    }, 
    {
        "date": "1579337826", 
        "tid": "14386284", 
        "price": "119987000", 
        "type": "buy", 
        "amount": "0.00109866"
    }, 
    {
        "date": "1579337757", 
        "tid": "14386283", 
        "price": "119987000", 
        "type": "buy", 
        "amount": "0.00588434"
    }, 
    {
        "date": "1579337640", 
        "tid": "14386282", 
        "price": "119987000", 
        "type": "buy", 
        "amount": "0.00830603"
    }, 
    {
        "date": "1579337626", 
        "tid": "14386281", 
        "price": "119987000", 
        "type": "sell", 
        "amount": "0.01747292"
    }, 
    {
        "date": "1579337626", 
        "tid": "14386280", 
        "price": "119988000", 
        "type": "sell", 
        "amount": "0.00195414"
    }, 
    {
        "date": "1579337616", 
        "tid": "14386279", 
        "price": "120192000", 
        "type": "buy", 
        "amount": "0.00782641"
    }, 
    {
        "date": "1579337616", 
        "tid": "14386278", 
        "price": "120189000", 
        "type": "buy", 
        "amount": "0.00085580"
    }, 
    {
        "date": "1579337616", 
        "tid": "14386277", 
        "price": "120150000", 
        "type": "buy", 
        "amount": "0.00301503"
    }, 
    {
        "date": "1579337599", 
        "tid": "14386276", 
        "price": "119988000", 
        "type": "buy", 
        "amount": "0.00046724"
    }, 
    {
        "date": "1579337507", 
        "tid": "14386275", 
        "price": "119987000", 
        "type": "sell", 
        "amount": "0.00042665"
    }, 
    {
        "date": "1579337340", 
        "tid": "14386274", 
        "price": "119987000", 
        "type": "sell", 
        "amount": "0.00042915"
    }, 
    {
        "date": "1579337326", 
        "tid": "14386273", 
        "price": "120194000", 
        "type": "buy", 
        "amount": "0.00322663"
    }, 
    {
        "date": "1579337326", 
        "tid": "14386272", 
        "price": "120166000", 
        "type": "buy", 
        "amount": "0.00252749"
    }, 
    {
        "date": "1579337314", 
        "tid": "14386271", 
        "price": "120194000", 
        "type": "buy", 
        "amount": "0.09461146"
    }, 
    {
        "date": "1579337314", 
        "tid": "14386270", 
        "price": "120166000", 
        "type": "buy", 
        "amount": "0.00112200"
    }, 
    {
        "date": "1579337314", 
        "tid": "14386269", 
        "price": "120161000", 
        "type": "buy", 
        "amount": "0.06163849"
    }, 
    {
        "date": "1579337314", 
        "tid": "14386268", 
        "price": "120150000", 
        "type": "buy", 
        "amount": "0.00831965"
    }, 
    {
        "date": "1579337314", 
        "tid": "14386267", 
        "price": "119994000", 
        "type": "buy", 
        "amount": "0.00421939"
    }, 
    {
        "date": "1579337306", 
        "tid": "14386266", 
        "price": "119994000", 
        "type": "buy", 
        "amount": "0.00961545"
    }, 
    {
        "date": "1579337179", 
        "tid": "14386265", 
        "price": "119995000", 
        "type": "sell", 
        "amount": "0.00831965"
    }, 
    {
        "date": "1579337136", 
        "tid": "14386264", 
        "price": "120164000", 
        "type": "buy", 
        "amount": "0.08075679"
    }, 
    {
        "date": "1579337136", 
        "tid": "14386263", 
        "price": "120132000", 
        "type": "buy", 
        "amount": "0.04081739"
    }, 
    {
        "date": "1579337136", 
        "tid": "14386262", 
        "price": "120122000", 
        "type": "buy", 
        "amount": "0.00256592"
    }, 
    {
        "date": "1579337136", 
        "tid": "14386261", 
        "price": "120111000", 
        "type": "buy", 
        "amount": "0.22963978"
    }, 
    {
        "date": "1579337136", 
        "tid": "14386260", 
        "price": "120108000", 
        "type": "buy", 
        "amount": "0.06163848"
    }, 
    {
        "date": "1579337057", 
        "tid": "14386259", 
        "price": "119985000", 
        "type": "sell", 
        "amount": "0.03620430"
    }, 
    {
        "date": "1579337057", 
        "tid": "14386258", 
        "price": "119998000", 
        "type": "sell", 
        "amount": "0.01379570"
    }, 
    {
        "date": "1579337051", 
        "tid": "14386257", 
        "price": "120111000", 
        "type": "buy", 
        "amount": "0.00082751"
    }, 
    {
        "date": "1579337029", 
        "tid": "14386256", 
        "price": "120111000", 
        "type": "buy", 
        "amount": "0.10975326"
    }, 
    {
        "date": "1579337029", 
        "tid": "14386255", 
        "price": "120102000", 
        "type": "buy", 
        "amount": "0.00513000"
    }, 
    {
        "date": "1579337029", 
        "tid": "14386254", 
        "price": "120100000", 
        "type": "buy", 
        "amount": "0.35547779"
    }, 
    {
        "date": "1579337029", 
        "tid": "14386253", 
        "price": "120099000", 
        "type": "buy", 
        "amount": "0.08414717"
    }, 
    {
        "date": "1579337029", 
        "tid": "14386252", 
        "price": "120097000", 
        "type": "buy", 
        "amount": "0.08296469"
    }, 
    {
        "date": "1579337029", 
        "tid": "14386251", 
        "price": "119999000", 
        "type": "buy", 
        "amount": "0.00173602"
    }, 
    {
        "date": "1579337004", 
        "tid": "14386250", 
        "price": "119999000", 
        "type": "buy", 
        "amount": "0.00415424"
    }, 
    {
        "date": "1579336992", 
        "tid": "14386249", 
        "price": "120096000", 
        "type": "buy", 
        "amount": "0.00335402"
    }, 
    {
        "date": "1579336992", 
        "tid": "14386248", 
        "price": "120000000", 
        "type": "buy", 
        "amount": "0.00626043"
    }, 
    {
        "date": "1579336973", 
        "tid": "14386247", 
        "price": "120096000", 
        "type": "buy", 
        "amount": "0.00430221"
    }, 
    {
        "date": "1579336973", 
        "tid": "14386246", 
        "price": "120094000", 
        "type": "buy", 
        "amount": "0.00074470"
    }, 
    {
        "date": "1579336973", 
        "tid": "14386245", 
        "price": "120032000", 
        "type": "buy", 
        "amount": "0.00067890"
    }, 
    {
        "date": "1579336973", 
        "tid": "14386244", 
        "price": "120011000", 
        "type": "buy", 
        "amount": "0.00110406"
    }, 
    {
        "date": "1579336973", 
        "tid": "14386243", 
        "price": "120000000", 
        "type": "buy", 
        "amount": "0.00021842"
    }, 
    {
        "date": "1579336947", 
        "tid": "14386242", 
        "price": "120000000", 
        "type": "buy", 
        "amount": "0.00745515"
    }, 
    {
        "date": "1579336933", 
        "tid": "14386241", 
        "price": "120000000", 
        "type": "buy", 
        "amount": "0.00362189"
    }, 
    {
        "date": "1579336933", 
        "tid": "14386240", 
        "price": "119999000", 
        "type": "buy", 
        "amount": "0.00383330"
    }, 
    {
        "date": "1579336926", 
        "tid": "14386239", 
        "price": "119999000", 
        "type": "buy", 
        "amount": "0.20544443"
    }, 
    {
        "date": "1579336914", 
        "tid": "14386238", 
        "price": "119999000", 
        "type": "buy", 
        "amount": "0.04154238"
    }, 
    {
        "date": "1579336912", 
        "tid": "14386237", 
        "price": "119999000", 
        "type": "buy", 
        "amount": "0.00745522"
    }, 
    {
        "date": "1579336910", 
        "tid": "14386236", 
        "price": "119998000", 
        "type": "sell", 
        "amount": "0.00051174"
    }, 
    {
        "date": "1579336904", 
        "tid": "14386235", 
        "price": "119999000", 
        "type": "buy", 
        "amount": "0.00745520"
    }, 
    {
        "date": "1579336849", 
        "tid": "14386234", 
        "price": "119999000", 
        "type": "buy", 
        "amount": "0.23280718"
    }, 
    {
        "date": "1579336814", 
        "tid": "14386233", 
        "price": "119999000", 
        "type": "buy", 
        "amount": "0.00205469"
    }, 
    {
        "date": "1579336773", 
        "tid": "14386232", 
        "price": "119985000", 
        "type": "sell", 
        "amount": "0.00146493"
    }, 
    {
        "date": "1579336693", 
        "tid": "14386231", 
        "price": "119986000", 
        "type": "buy", 
        "amount": "0.00367830"
    }, 
    {
        "date": "1579336672", 
        "tid": "14386230", 
        "price": "119986000", 
        "type": "buy", 
        "amount": "0.05575592"
    }, 
    {
        "date": "1579336653", 
        "tid": "14386229", 
        "price": "119986000", 
        "type": "buy", 
        "amount": "0.00367829"
    }, 
    {
        "date": "1579336609", 
        "tid": "14386228", 
        "price": "119986000", 
        "type": "buy", 
        "amount": "0.00347947"
    }, 
    {
        "date": "1579336594", 
        "tid": "14386227", 
        "price": "119986000", 
        "type": "buy", 
        "amount": "0.00745601"
    }, 
    {
        "date": "1579336586", 
        "tid": "14386226", 
        "price": "119986000", 
        "type": "buy", 
        "amount": "0.00248534"
    }, 
    {
        "date": "1579336578", 
        "tid": "14386225", 
        "price": "119985000", 
        "type": "buy", 
        "amount": "0.00245705"
    }, 
    {
        "date": "1579336577", 
        "tid": "14386224", 
        "price": "119985000", 
        "type": "buy", 
        "amount": "0.00246124"
    }, 
    {
        "date": "1579336577", 
        "tid": "14386223", 
        "price": "119985000", 
        "type": "buy", 
        "amount": "0.00246540"
    }, 
    {
        "date": "1579336576", 
        "tid": "14386222", 
        "price": "119985000", 
        "type": "buy", 
        "amount": "0.00246959"
    }, 
    {
        "date": "1579336575", 
        "tid": "14386221", 
        "price": "119985000", 
        "type": "buy", 
        "amount": "0.00247375"
    }, 
    {
        "date": "1579336574", 
        "tid": "14386220", 
        "price": "119985000", 
        "type": "buy", 
        "amount": "0.00044268"
    }, 
    {
        "date": "1579336573", 
        "tid": "14386219", 
        "price": "119985000", 
        "type": "buy", 
        "amount": "0.00745607"
    }, 
    {
        "date": "1579336560", 
        "tid": "14386218", 
        "price": "119985000", 
        "type": "buy", 
        "amount": "0.02635756"
    }, 
    {
        "date": "1579336554", 
        "tid": "14386217", 
        "price": "119985000", 
        "type": "buy", 
        "amount": "0.00248536"
    }, 
    {
        "date": "1579336537", 
        "tid": "14386216", 
        "price": "119985000", 
        "type": "buy", 
        "amount": "0.00745607"
    }, 
    {
        "date": "1579336529", 
        "tid": "14386215", 
        "price": "119985000", 
        "type": "buy", 
        "amount": "0.00701201"
    }, 
    {
        "date": "1579336506", 
        "tid": "14386214", 
        "price": "119985000", 
        "type": "buy", 
        "amount": "0.02665283"
    }, 
    {
        "date": "1579336506", 
        "tid": "14386213", 
        "price": "119983000", 
        "type": "buy", 
        "amount": "0.01569944"
    }, 
    {
        "date": "1579336506", 
        "tid": "14386212", 
        "price": "119941000", 
        "type": "buy", 
        "amount": "0.00112200"
    }, 
    {
        "date": "1579336470", 
        "tid": "14386211", 
        "price": "119981000", 
        "type": "buy", 
        "amount": "0.00495430"
    }, 
    {
        "date": "1579336460", 
        "tid": "14386210", 
        "price": "119635000", 
        "type": "sell", 
        "amount": "0.02805334"
    }, 
    {
        "date": "1579336460", 
        "tid": "14386209", 
        "price": "119709000", 
        "type": "sell", 
        "amount": "0.02506077"
    }, 
    {
        "date": "1579336460", 
        "tid": "14386208", 
        "price": "119715000", 
        "type": "sell", 
        "amount": "0.00112199"
    }, 
    {
        "date": "1579336460", 
        "tid": "14386207", 
        "price": "119719000", 
        "type": "sell", 
        "amount": "0.00041764"
    }, 
    {
        "date": "1579336460", 
        "tid": "14386206", 
        "price": "119720000", 
        "type": "sell", 
        "amount": "0.01077641"
    }, 
    {
        "date": "1579336460", 
        "tid": "14386205", 
        "price": "119729000", 
        "type": "sell", 
        "amount": "0.00041760"
    }, 
    {
        "date": "1579336354", 
        "tid": "14386204", 
        "price": "119991000", 
        "type": "buy", 
        "amount": "0.02749375"
    }, 
    {
        "date": "1579336354", 
        "tid": "14386203", 
        "price": "119941000", 
        "type": "buy", 
        "amount": "0.00112200"
    }, 
    {
        "date": "1579336354", 
        "tid": "14386202", 
        "price": "119940000", 
        "type": "buy", 
        "amount": "0.08799442"
    }, 
    {
        "date": "1579336354", 
        "tid": "14386201", 
        "price": "119874000", 
        "type": "buy", 
        "amount": "0.00694573"
    }, 
    {
        "date": "1579336354", 
        "tid": "14386200", 
        "price": "119873000", 
        "type": "buy", 
        "amount": "0.00256592"
    }, 
    {
        "date": "1579336354", 
        "tid": "14386199", 
        "price": "119858000", 
        "type": "buy", 
        "amount": "0.08449679"
    }, 
    {
        "date": "1579336354", 
        "tid": "14386198", 
        "price": "119785000", 
        "type": "buy", 
        "amount": "0.01177861"
    }, 
    {
        "date": "1579336354", 
        "tid": "14386197", 
        "price": "119735000", 
        "type": "buy", 
        "amount": "0.16719534"
    }, 
    {
        "date": "1579336354", 
        "tid": "14386196", 
        "price": "119730000", 
        "type": "buy", 
        "amount": "0.00978005"
    }, 
    {
        "date": "1579336093", 
        "tid": "14386195", 
        "price": "119735000", 
        "type": "buy", 
        "amount": "0.00002874"
    }, 
    {
        "date": "1579336093", 
        "tid": "14386194", 
        "price": "119734000", 
        "type": "buy", 
        "amount": "0.00760901"
    }, 
    {
        "date": "1579336078", 
        "tid": "14386193", 
        "price": "119549000", 
        "type": "sell", 
        "amount": "0.00203501"
    }, 
    {
        "date": "1579336076", 
        "tid": "14386192", 
        "price": "119734000", 
        "type": "buy", 
        "amount": "0.00763773"
    }, 
    {
        "date": "1579336054", 
        "tid": "14386191", 
        "price": "119734000", 
        "type": "buy", 
        "amount": "0.00249057"
    }, 
    {
        "date": "1579336046", 
        "tid": "14386190", 
        "price": "119734000", 
        "type": "buy", 
        "amount": "0.00024340"
    }, 
    {
        "date": "1579336046", 
        "tid": "14386189", 
        "price": "119545000", 
        "type": "buy", 
        "amount": "0.00610557"
    }, 
    {
        "date": "1579336038", 
        "tid": "14386188", 
        "price": "119545000", 
        "type": "buy", 
        "amount": "0.00185638"
    }, 
    {
        "date": "1579336032", 
        "tid": "14386187", 
        "price": "119545000", 
        "type": "buy", 
        "amount": "0.00748351"
    }, 
    {
        "date": "1579336030", 
        "tid": "14386186", 
        "price": "119550000", 
        "type": "sell", 
        "amount": "0.00648169"
    }, 
    {
        "date": "1579336030", 
        "tid": "14386185", 
        "price": "119551000", 
        "type": "sell", 
        "amount": "0.01100000"
    }, 
    {
        "date": "1579336014", 
        "tid": "14386184", 
        "price": "119734000", 
        "type": "buy", 
        "amount": "0.00561269"
    }, 
    {
        "date": "1579336014", 
        "tid": "14386183", 
        "price": "119730000", 
        "type": "buy", 
        "amount": "0.00185907"
    }, 
    {
        "date": "1579335990", 
        "tid": "14386182", 
        "price": "119730000", 
        "type": "buy", 
        "amount": "0.00747195"
    }, 
    {
        "date": "1579335989", 
        "tid": "14386181", 
        "price": "119544000", 
        "type": "sell", 
        "amount": "0.00487286"
    }, 
    {
        "date": "1579335981", 
        "tid": "14386180", 
        "price": "119545000", 
        "type": "sell", 
        "amount": "0.00056139"
    }, 
    {
        "date": "1579335970", 
        "tid": "14386179", 
        "price": "119543000", 
        "type": "sell", 
        "amount": "0.00080072"
    }, 
    {
        "date": "1579335928", 
        "tid": "14386178", 
        "price": "119540000", 
        "type": "sell", 
        "amount": "0.00093953"
    }, 
    {
        "date": "1579335914", 
        "tid": "14386177", 
        "price": "119539000", 
        "type": "sell", 
        "amount": "0.07049544"
    }, 
    {
        "date": "1579335914", 
        "tid": "14386176", 
        "price": "119540000", 
        "type": "sell", 
        "amount": "0.02960000"
    }, 
    {
        "date": "1579335904", 
        "tid": "14386175", 
        "price": "119540000", 
        "type": "sell", 
        "amount": "0.00212827"
    }, 
    {
        "date": "1579335824", 
        "tid": "14386174", 
        "price": "119539000", 
        "type": "sell", 
        "amount": "0.03665261"
    }, 
    {
        "date": "1579335819", 
        "tid": "14386173", 
        "price": "119539000", 
        "type": "sell", 
        "amount": "0.01492121"
    }, 
    {
        "date": "1579335819", 
        "tid": "14386172", 
        "price": "119655000", 
        "type": "sell", 
        "amount": "0.08165735"
    }, 
    {
        "date": "1579335819", 
        "tid": "14386171", 
        "price": "119684000", 
        "type": "sell", 
        "amount": "0.00564788"
    }, 
    {
        "date": "1579335770", 
        "tid": "14386170", 
        "price": "119684000", 
        "type": "sell", 
        "amount": "0.00813620"
    }, 
    {
        "date": "1579335722", 
        "tid": "14386169", 
        "price": "119684000", 
        "type": "sell", 
        "amount": "0.00042000"
    }, 
    {
        "date": "1579335720", 
        "tid": "14386168", 
        "price": "119734000", 
        "type": "buy", 
        "amount": "0.00286212"
    }, 
    {
        "date": "1579335638", 
        "tid": "14386167", 
        "price": "119656000", 
        "type": "sell", 
        "amount": "0.00280211"
    }, 
    {
        "date": "1579335616", 
        "tid": "14386166", 
        "price": "119656000", 
        "type": "sell", 
        "amount": "0.00048095"
    }, 
    {
        "date": "1579335598", 
        "tid": "14386165", 
        "price": "119656000", 
        "type": "sell", 
        "amount": "0.01543748"
    }, 
    {
        "date": "1579335598", 
        "tid": "14386164", 
        "price": "119680000", 
        "type": "sell", 
        "amount": "0.00833102"
    }, 
    {
        "date": "1579335537", 
        "tid": "14386163", 
        "price": "119847000", 
        "type": "buy", 
        "amount": "0.02945387"
    }, 
    {
        "date": "1579335524", 
        "tid": "14386162", 
        "price": "119853000", 
        "type": "buy", 
        "amount": "0.00788016"
    }, 
    {
        "date": "1579335524", 
        "tid": "14386161", 
        "price": "119840000", 
        "type": "buy", 
        "amount": "0.00135247"
    }, 
    {
        "date": "1579335516", 
        "tid": "14386160", 
        "price": "119840000", 
        "type": "buy", 
        "amount": "0.00696743"
    }, 
    {
        "date": "1579335508", 
        "tid": "14386159", 
        "price": "119853000", 
        "type": "buy", 
        "amount": "0.01393332"
    }, 
    {
        "date": "1579335492", 
        "tid": "14386158", 
        "price": "119851000", 
        "type": "buy", 
        "amount": "0.01393356"
    }, 
    {
        "date": "1579335485", 
        "tid": "14386157", 
        "price": "119539000", 
        "type": "sell", 
        "amount": "0.00120771"
    }, 
    {
        "date": "1579335485", 
        "tid": "14386156", 
        "price": "119622000", 
        "type": "sell", 
        "amount": "0.00074470"
    }, 
    {
        "date": "1579335485", 
        "tid": "14386155", 
        "price": "119625000", 
        "type": "sell", 
        "amount": "0.00256592"
    }, 
    {
        "date": "1579335485", 
        "tid": "14386154", 
        "price": "119639000", 
        "type": "sell", 
        "amount": "0.00835847"
    }, 
    {
        "date": "1579335485", 
        "tid": "14386153", 
        "price": "119650000", 
        "type": "sell", 
        "amount": "0.08591688"
    }
]