[
    {
        "date": "1579271726", 
        "tid": "14383382", 
        "price": "119463000", 
        "type": "buy", 
        "amount": "0.00088176"
    }, 
    {
        "date": "1579271711", 
        "tid": "14383381", 
        "price": "119463000", 
        "type": "buy", 
        "amount": "0.00083457"
    }, 
    {
        "date": "1579271700", 
        "tid": "14383380", 
        "price": "119463000", 
        "type": "sell", 
        "amount": "0.00231946"
    }, 
    {
        "date": "1579271681", 
        "tid": "14383379", 
        "price": "119500000", 
        "type": "buy", 
        "amount": "0.00864671"
    }, 
    {
        "date": "1579271585", 
        "tid": "14383378", 
        "price": "119460000", 
        "type": "sell", 
        "amount": "0.02000000"
    }, 
    {
        "date": "1579271558", 
        "tid": "14383377", 
        "price": "119460000", 
        "type": "sell", 
        "amount": "0.01974736"
    }, 
    {
        "date": "1579271533", 
        "tid": "14383376", 
        "price": "119461000", 
        "type": "buy", 
        "amount": "0.00245673"
    }, 
    {
        "date": "1579271506", 
        "tid": "14383375", 
        "price": "119475000", 
        "type": "sell", 
        "amount": "0.00836995"
    }, 
    {
        "date": "1579271498", 
        "tid": "14383374", 
        "price": "119485000", 
        "type": "sell", 
        "amount": "0.00251077"
    }, 
    {
        "date": "1579271490", 
        "tid": "14383373", 
        "price": "119489000", 
        "type": "sell", 
        "amount": "0.00112200"
    }, 
    {
        "date": "1579271485", 
        "tid": "14383372", 
        "price": "119500000", 
        "type": "sell", 
        "amount": "0.25907223"
    }, 
    {
        "date": "1579271469", 
        "tid": "14383371", 
        "price": "119500000", 
        "type": "sell", 
        "amount": "0.03492367"
    }, 
    {
        "date": "1579271397", 
        "tid": "14383370", 
        "price": "119500000", 
        "type": "sell", 
        "amount": "0.40211590"
    }, 
    {
        "date": "1579271397", 
        "tid": "14383369", 
        "price": "119500000", 
        "type": "sell", 
        "amount": "0.39448388"
    }, 
    {
        "date": "1579271397", 
        "tid": "14383368", 
        "price": "119502000", 
        "type": "sell", 
        "amount": "0.02587395"
    }, 
    {
        "date": "1579271394", 
        "tid": "14383367", 
        "price": "119503000", 
        "type": "buy", 
        "amount": "0.04171482"
    }, 
    {
        "date": "1579271385", 
        "tid": "14383366", 
        "price": "119502000", 
        "type": "sell", 
        "amount": "0.00737100"
    }, 
    {
        "date": "1579271194", 
        "tid": "14383365", 
        "price": "119503000", 
        "type": "buy", 
        "amount": "0.03303872"
    }, 
    {
        "date": "1579271110", 
        "tid": "14383364", 
        "price": "119521000", 
        "type": "sell", 
        "amount": "0.00081681"
    }, 
    {
        "date": "1579271094", 
        "tid": "14383363", 
        "price": "119530000", 
        "type": "sell", 
        "amount": "0.00797259"
    }, 
    {
        "date": "1579271083", 
        "tid": "14383362", 
        "price": "119532000", 
        "type": "sell", 
        "amount": "0.04182980"
    }, 
    {
        "date": "1579271075", 
        "tid": "14383361", 
        "price": "119536000", 
        "type": "sell", 
        "amount": "0.00044033"
    }, 
    {
        "date": "1579271067", 
        "tid": "14383360", 
        "price": "119550000", 
        "type": "sell", 
        "amount": "0.15683814"
    }, 
    {
        "date": "1579271059", 
        "tid": "14383359", 
        "price": "119564000", 
        "type": "sell", 
        "amount": "0.05128810"
    }, 
    {
        "date": "1579271051", 
        "tid": "14383358", 
        "price": "119591000", 
        "type": "sell", 
        "amount": "0.01013019"
    }, 
    {
        "date": "1579271043", 
        "tid": "14383357", 
        "price": "119599000", 
        "type": "sell", 
        "amount": "0.04180636"
    }, 
    {
        "date": "1579271040", 
        "tid": "14383356", 
        "price": "119600000", 
        "type": "sell", 
        "amount": "0.12613193"
    }, 
    {
        "date": "1579271024", 
        "tid": "14383355", 
        "price": "119600000", 
        "type": "sell", 
        "amount": "0.00213072"
    }, 
    {
        "date": "1579270950", 
        "tid": "14383354", 
        "price": "119600000", 
        "type": "sell", 
        "amount": "0.03896143"
    }, 
    {
        "date": "1579270950", 
        "tid": "14383353", 
        "price": "119601000", 
        "type": "sell", 
        "amount": "0.06169535"
    }, 
    {
        "date": "1579270950", 
        "tid": "14383352", 
        "price": "119610000", 
        "type": "sell", 
        "amount": "0.01425023"
    }, 
    {
        "date": "1579270950", 
        "tid": "14383351", 
        "price": "119622000", 
        "type": "sell", 
        "amount": "0.00074470"
    }, 
    {
        "date": "1579270950", 
        "tid": "14383350", 
        "price": "119671000", 
        "type": "sell", 
        "amount": "0.00472898"
    }, 
    {
        "date": "1579270950", 
        "tid": "14383349", 
        "price": "119680000", 
        "type": "sell", 
        "amount": "0.00081681"
    }, 
    {
        "date": "1579270950", 
        "tid": "14383348", 
        "price": "119700000", 
        "type": "sell", 
        "amount": "0.12531328"
    }, 
    {
        "date": "1579270950", 
        "tid": "14383347", 
        "price": "119701000", 
        "type": "sell", 
        "amount": "0.16894670"
    }, 
    {
        "date": "1579270941", 
        "tid": "14383346", 
        "price": "119702000", 
        "type": "buy", 
        "amount": "0.08329092"
    }, 
    {
        "date": "1579270936", 
        "tid": "14383345", 
        "price": "119702000", 
        "type": "buy", 
        "amount": "0.00088720"
    }, 
    {
        "date": "1579270932", 
        "tid": "14383344", 
        "price": "119702000", 
        "type": "buy", 
        "amount": "0.24737403"
    }, 
    {
        "date": "1579270928", 
        "tid": "14383343", 
        "price": "119701000", 
        "type": "sell", 
        "amount": "0.00671224"
    }, 
    {
        "date": "1579270906", 
        "tid": "14383342", 
        "price": "119702000", 
        "type": "buy", 
        "amount": "0.00042256"
    }, 
    {
        "date": "1579270869", 
        "tid": "14383341", 
        "price": "119702000", 
        "type": "buy", 
        "amount": "0.00063993"
    }, 
    {
        "date": "1579270858", 
        "tid": "14383340", 
        "price": "119702000", 
        "type": "sell", 
        "amount": "0.00170806"
    }, 
    {
        "date": "1579270835", 
        "tid": "14383339", 
        "price": "119704000", 
        "type": "buy", 
        "amount": "0.00666316"
    }, 
    {
        "date": "1579270835", 
        "tid": "14383338", 
        "price": "119701000", 
        "type": "sell", 
        "amount": "0.05000000"
    }, 
    {
        "date": "1579270830", 
        "tid": "14383337", 
        "price": "119715000", 
        "type": "sell", 
        "amount": "0.00025672"
    }, 
    {
        "date": "1579270830", 
        "tid": "14383336", 
        "price": "119750000", 
        "type": "sell", 
        "amount": "0.08762328"
    }, 
    {
        "date": "1579270830", 
        "tid": "14383335", 
        "price": "119795000", 
        "type": "sell", 
        "amount": "0.00244473"
    }, 
    {
        "date": "1579270830", 
        "tid": "14383334", 
        "price": "119816000", 
        "type": "sell", 
        "amount": "0.00890941"
    }, 
    {
        "date": "1579270812", 
        "tid": "14383333", 
        "price": "119844000", 
        "type": "sell", 
        "amount": "0.02503337"
    }, 
    {
        "date": "1579270810", 
        "tid": "14383332", 
        "price": "119845000", 
        "type": "buy", 
        "amount": "0.00086379"
    }, 
    {
        "date": "1579270803", 
        "tid": "14383331", 
        "price": "119850000", 
        "type": "sell", 
        "amount": "0.94727706"
    }, 
    {
        "date": "1579270799", 
        "tid": "14383330", 
        "price": "119851000", 
        "type": "sell", 
        "amount": "0.76554729"
    }, 
    {
        "date": "1579270795", 
        "tid": "14383329", 
        "price": "119852000", 
        "type": "sell", 
        "amount": "0.13519172"
    }, 
    {
        "date": "1579270787", 
        "tid": "14383328", 
        "price": "119860000", 
        "type": "sell", 
        "amount": "0.08841586"
    }, 
    {
        "date": "1579270782", 
        "tid": "14383327", 
        "price": "119861000", 
        "type": "sell", 
        "amount": "0.06704251"
    }, 
    {
        "date": "1579270749", 
        "tid": "14383326", 
        "price": "119862000", 
        "type": "buy", 
        "amount": "0.00081101"
    }, 
    {
        "date": "1579270691", 
        "tid": "14383325", 
        "price": "119862000", 
        "type": "buy", 
        "amount": "0.00790942"
    }, 
    {
        "date": "1579270521", 
        "tid": "14383324", 
        "price": "119862000", 
        "type": "buy", 
        "amount": "0.00247045"
    }, 
    {
        "date": "1579270422", 
        "tid": "14383323", 
        "price": "119862000", 
        "type": "buy", 
        "amount": "0.00248639"
    }, 
    {
        "date": "1579270305", 
        "tid": "14383322", 
        "price": "119862000", 
        "type": "buy", 
        "amount": "0.00819321"
    }, 
    {
        "date": "1579270256", 
        "tid": "14383321", 
        "price": "119963000", 
        "type": "buy", 
        "amount": "0.04500843"
    }, 
    {
        "date": "1579270220", 
        "tid": "14383320", 
        "price": "119969000", 
        "type": "buy", 
        "amount": "0.03485447"
    }, 
    {
        "date": "1579270205", 
        "tid": "14383319", 
        "price": "119971000", 
        "type": "buy", 
        "amount": "0.01217289"
    }, 
    {
        "date": "1579270177", 
        "tid": "14383318", 
        "price": "119981000", 
        "type": "buy", 
        "amount": "0.01245192"
    }, 
    {
        "date": "1579270177", 
        "tid": "14383317", 
        "price": "119980000", 
        "type": "buy", 
        "amount": "0.25030453"
    }, 
    {
        "date": "1579270156", 
        "tid": "14383316", 
        "price": "119989000", 
        "type": "sell", 
        "amount": "0.00204027"
    }, 
    {
        "date": "1579270155", 
        "tid": "14383315", 
        "price": "119990000", 
        "type": "buy", 
        "amount": "0.00418744"
    }, 
    {
        "date": "1579270153", 
        "tid": "14383314", 
        "price": "119990000", 
        "type": "buy", 
        "amount": "0.01166500"
    }, 
    {
        "date": "1579270150", 
        "tid": "14383313", 
        "price": "119990000", 
        "type": "buy", 
        "amount": "0.01166500"
    }, 
    {
        "date": "1579270133", 
        "tid": "14383312", 
        "price": "119989000", 
        "type": "sell", 
        "amount": "0.00065000"
    }, 
    {
        "date": "1579270033", 
        "tid": "14383311", 
        "price": "119860000", 
        "type": "sell", 
        "amount": "0.00377502"
    }, 
    {
        "date": "1579269981", 
        "tid": "14383310", 
        "price": "119990000", 
        "type": "sell", 
        "amount": "0.00600000"
    }, 
    {
        "date": "1579269952", 
        "tid": "14383309", 
        "price": "119990000", 
        "type": "buy", 
        "amount": "0.01883546"
    }, 
    {
        "date": "1579269917", 
        "tid": "14383308", 
        "price": "119990000", 
        "type": "buy", 
        "amount": "0.00625967"
    }, 
    {
        "date": "1579269915", 
        "tid": "14383307", 
        "price": "119990000", 
        "type": "buy", 
        "amount": "0.00078936"
    }, 
    {
        "date": "1579269868", 
        "tid": "14383306", 
        "price": "119990000", 
        "type": "buy", 
        "amount": "0.01080183"
    }, 
    {
        "date": "1579269822", 
        "tid": "14383305", 
        "price": "119901000", 
        "type": "sell", 
        "amount": "0.00264691"
    }, 
    {
        "date": "1579269822", 
        "tid": "14383304", 
        "price": "119902000", 
        "type": "sell", 
        "amount": "0.00055624"
    }, 
    {
        "date": "1579269814", 
        "tid": "14383303", 
        "price": "119901000", 
        "type": "buy", 
        "amount": "0.00692917"
    }, 
    {
        "date": "1579269781", 
        "tid": "14383302", 
        "price": "119901000", 
        "type": "buy", 
        "amount": "0.00180488"
    }, 
    {
        "date": "1579269768", 
        "tid": "14383301", 
        "price": "119901000", 
        "type": "buy", 
        "amount": "0.00415763"
    }, 
    {
        "date": "1579269728", 
        "tid": "14383300", 
        "price": "119853000", 
        "type": "sell", 
        "amount": "0.05707094"
    }, 
    {
        "date": "1579269728", 
        "tid": "14383299", 
        "price": "119860000", 
        "type": "sell", 
        "amount": "0.00417153"
    }, 
    {
        "date": "1579269681", 
        "tid": "14383298", 
        "price": "119851000", 
        "type": "sell", 
        "amount": "0.01261093"
    }, 
    {
        "date": "1579269681", 
        "tid": "14383297", 
        "price": "119852000", 
        "type": "sell", 
        "amount": "0.00988168"
    }, 
    {
        "date": "1579269681", 
        "tid": "14383296", 
        "price": "119865000", 
        "type": "sell", 
        "amount": "0.00090863"
    }, 
    {
        "date": "1579269681", 
        "tid": "14383295", 
        "price": "119900000", 
        "type": "sell", 
        "amount": "0.01001243"
    }, 
    {
        "date": "1579269472", 
        "tid": "14383294", 
        "price": "119851000", 
        "type": "sell", 
        "amount": "0.01144458"
    }, 
    {
        "date": "1579269373", 
        "tid": "14383293", 
        "price": "119851000", 
        "type": "sell", 
        "amount": "0.01370377"
    }, 
    {
        "date": "1579269211", 
        "tid": "14383292", 
        "price": "119850000", 
        "type": "sell", 
        "amount": "0.05703972"
    }, 
    {
        "date": "1579269121", 
        "tid": "14383291", 
        "price": "119851000", 
        "type": "buy", 
        "amount": "0.00820073"
    }, 
    {
        "date": "1579269034", 
        "tid": "14383290", 
        "price": "119850000", 
        "type": "sell", 
        "amount": "0.01100518"
    }, 
    {
        "date": "1579269012", 
        "tid": "14383289", 
        "price": "119851000", 
        "type": "sell", 
        "amount": "0.00096770"
    }, 
    {
        "date": "1579268945", 
        "tid": "14383288", 
        "price": "119996000", 
        "type": "buy", 
        "amount": "0.04154342"
    }, 
    {
        "date": "1579268927", 
        "tid": "14383287", 
        "price": "119850000", 
        "type": "sell", 
        "amount": "1.00447373"
    }, 
    {
        "date": "1579268927", 
        "tid": "14383286", 
        "price": "119852000", 
        "type": "sell", 
        "amount": "0.01006461"
    }, 
    {
        "date": "1579268927", 
        "tid": "14383285", 
        "price": "119854000", 
        "type": "sell", 
        "amount": "0.54956345"
    }, 
    {
        "date": "1579268927", 
        "tid": "14383284", 
        "price": "119865000", 
        "type": "sell", 
        "amount": "0.08342718"
    }, 
    {
        "date": "1579268927", 
        "tid": "14383283", 
        "price": "119867000", 
        "type": "sell", 
        "amount": "0.04609760"
    }, 
    {
        "date": "1579268927", 
        "tid": "14383282", 
        "price": "119876000", 
        "type": "sell", 
        "amount": "0.09639867"
    }, 
    {
        "date": "1579268927", 
        "tid": "14383281", 
        "price": "119978000", 
        "type": "sell", 
        "amount": "0.01704763"
    }, 
    {
        "date": "1579268927", 
        "tid": "14383280", 
        "price": "119999000", 
        "type": "sell", 
        "amount": "0.09292713"
    }, 
    {
        "date": "1579268897", 
        "tid": "14383279", 
        "price": "119999000", 
        "type": "sell", 
        "amount": "0.00791080"
    }, 
    {
        "date": "1579268815", 
        "tid": "14383278", 
        "price": "119999000", 
        "type": "sell", 
        "amount": "0.00018336"
    }, 
    {
        "date": "1579268793", 
        "tid": "14383277", 
        "price": "119999000", 
        "type": "sell", 
        "amount": "0.00106365"
    }, 
    {
        "date": "1579268769", 
        "tid": "14383276", 
        "price": "120000000", 
        "type": "buy", 
        "amount": "0.00083084"
    }, 
    {
        "date": "1579268756", 
        "tid": "14383275", 
        "price": "120000000", 
        "type": "buy", 
        "amount": "0.01745571"
    }, 
    {
        "date": "1579268670", 
        "tid": "14383274", 
        "price": "120000000", 
        "type": "buy", 
        "amount": "0.00154120"
    }, 
    {
        "date": "1579268650", 
        "tid": "14383273", 
        "price": "119999000", 
        "type": "sell", 
        "amount": "0.00500000"
    }, 
    {
        "date": "1579268548", 
        "tid": "14383272", 
        "price": "119999000", 
        "type": "sell", 
        "amount": "0.00682117"
    }, 
    {
        "date": "1579268534", 
        "tid": "14383271", 
        "price": "120000000", 
        "type": "buy", 
        "amount": "0.00082205"
    }, 
    {
        "date": "1579268338", 
        "tid": "14383270", 
        "price": "119999000", 
        "type": "sell", 
        "amount": "0.00130000"
    }, 
    {
        "date": "1579268290", 
        "tid": "14383269", 
        "price": "119999000", 
        "type": "sell", 
        "amount": "0.01502654"
    }, 
    {
        "date": "1579268255", 
        "tid": "14383268", 
        "price": "120000000", 
        "type": "buy", 
        "amount": "0.02967670"
    }, 
    {
        "date": "1579268242", 
        "tid": "14383267", 
        "price": "120000000", 
        "type": "buy", 
        "amount": "0.00065271"
    }, 
    {
        "date": "1579268242", 
        "tid": "14383266", 
        "price": "119999000", 
        "type": "buy", 
        "amount": "0.00807892"
    }, 
    {
        "date": "1579268195", 
        "tid": "14383265", 
        "price": "119880000", 
        "type": "sell", 
        "amount": "0.00457707"
    }, 
    {
        "date": "1579268152", 
        "tid": "14383264", 
        "price": "119868000", 
        "type": "buy", 
        "amount": "0.00568675"
    }, 
    {
        "date": "1579268106", 
        "tid": "14383263", 
        "price": "119868000", 
        "type": "buy", 
        "amount": "0.00150133"
    }, 
    {
        "date": "1579268103", 
        "tid": "14383262", 
        "price": "119867000", 
        "type": "sell", 
        "amount": "0.00912844"
    }, 
    {
        "date": "1579267970", 
        "tid": "14383261", 
        "price": "119867000", 
        "type": "sell", 
        "amount": "0.01743546"
    }, 
    {
        "date": "1579267953", 
        "tid": "14383260", 
        "price": "119867000", 
        "type": "sell", 
        "amount": "0.00606032"
    }, 
    {
        "date": "1579267697", 
        "tid": "14383259", 
        "price": "119867000", 
        "type": "sell", 
        "amount": "0.00172512"
    }, 
    {
        "date": "1579267607", 
        "tid": "14383258", 
        "price": "119861000", 
        "type": "sell", 
        "amount": "0.24434349"
    }, 
    {
        "date": "1579267565", 
        "tid": "14383257", 
        "price": "119855000", 
        "type": "sell", 
        "amount": "0.31907885"
    }, 
    {
        "date": "1579267565", 
        "tid": "14383256", 
        "price": "119867000", 
        "type": "sell", 
        "amount": "0.23192115"
    }, 
    {
        "date": "1579267526", 
        "tid": "14383255", 
        "price": "119868000", 
        "type": "buy", 
        "amount": "0.07014408"
    }, 
    {
        "date": "1579267508", 
        "tid": "14383254", 
        "price": "119868000", 
        "type": "buy", 
        "amount": "0.01153108"
    }, 
    {
        "date": "1579267473", 
        "tid": "14383253", 
        "price": "119868000", 
        "type": "buy", 
        "amount": "0.06321344"
    }, 
    {
        "date": "1579267472", 
        "tid": "14383252", 
        "price": "119868000", 
        "type": "buy", 
        "amount": "0.14028815"
    }, 
    {
        "date": "1579267432", 
        "tid": "14383251", 
        "price": "119868000", 
        "type": "buy", 
        "amount": "0.01164458"
    }, 
    {
        "date": "1579267315", 
        "tid": "14383250", 
        "price": "119867000", 
        "type": "sell", 
        "amount": "0.00479907"
    }, 
    {
        "date": "1579267313", 
        "tid": "14383249", 
        "price": "119867000", 
        "type": "sell", 
        "amount": "0.00149513"
    }, 
    {
        "date": "1579267292", 
        "tid": "14383248", 
        "price": "119867000", 
        "type": "sell", 
        "amount": "0.00099977"
    }, 
    {
        "date": "1579267247", 
        "tid": "14383247", 
        "price": "119868000", 
        "type": "buy", 
        "amount": "0.04158778"
    }, 
    {
        "date": "1579267216", 
        "tid": "14383246", 
        "price": "119868000", 
        "type": "buy", 
        "amount": "0.00427248"
    }, 
    {
        "date": "1579267175", 
        "tid": "14383245", 
        "price": "119867000", 
        "type": "buy", 
        "amount": "0.09825889"
    }, 
    {
        "date": "1579267174", 
        "tid": "14383244", 
        "price": "119867000", 
        "type": "sell", 
        "amount": "0.00174111"
    }, 
    {
        "date": "1579267139", 
        "tid": "14383243", 
        "price": "119854000", 
        "type": "sell", 
        "amount": "0.00016898"
    }, 
    {
        "date": "1579267139", 
        "tid": "14383242", 
        "price": "119855000", 
        "type": "sell", 
        "amount": "0.00596744"
    }, 
    {
        "date": "1579267139", 
        "tid": "14383241", 
        "price": "119856000", 
        "type": "sell", 
        "amount": "0.02093391"
    }, 
    {
        "date": "1579267020", 
        "tid": "14383240", 
        "price": "119856000", 
        "type": "sell", 
        "amount": "0.00583739"
    }, 
    {
        "date": "1579267012", 
        "tid": "14383239", 
        "price": "119866000", 
        "type": "sell", 
        "amount": "0.00004295"
    }, 
    {
        "date": "1579267012", 
        "tid": "14383238", 
        "price": "119867000", 
        "type": "sell", 
        "amount": "0.01459949"
    }, 
    {
        "date": "1579266840", 
        "tid": "14383237", 
        "price": "119868000", 
        "type": "buy", 
        "amount": "0.00415878"
    }, 
    {
        "date": "1579266817", 
        "tid": "14383236", 
        "price": "119868000", 
        "type": "buy", 
        "amount": "0.00202672"
    }, 
    {
        "date": "1579266767", 
        "tid": "14383235", 
        "price": "119868000", 
        "type": "buy", 
        "amount": "0.02603547"
    }, 
    {
        "date": "1579266754", 
        "tid": "14383234", 
        "price": "119868000", 
        "type": "buy", 
        "amount": "0.03741623"
    }, 
    {
        "date": "1579266739", 
        "tid": "14383233", 
        "price": "119868000", 
        "type": "buy", 
        "amount": "0.00282257"
    }
]