[
    {
        "date": "1579333709", 
        "tid": "14386061", 
        "price": "119942000", 
        "type": "sell", 
        "amount": "0.00267061"
    }, 
    {
        "date": "1579333692", 
        "tid": "14386060", 
        "price": "120053000", 
        "type": "buy", 
        "amount": "0.00751394"
    }, 
    {
        "date": "1579333678", 
        "tid": "14386059", 
        "price": "120051000", 
        "type": "buy", 
        "amount": "0.00633079"
    }, 
    {
        "date": "1579333678", 
        "tid": "14386058", 
        "price": "120032000", 
        "type": "buy", 
        "amount": "0.00067890"
    }, 
    {
        "date": "1579333678", 
        "tid": "14386057", 
        "price": "120000000", 
        "type": "buy", 
        "amount": "0.00050472"
    }, 
    {
        "date": "1579333668", 
        "tid": "14386056", 
        "price": "119941000", 
        "type": "buy", 
        "amount": "0.00071457"
    }, 
    {
        "date": "1579333668", 
        "tid": "14386055", 
        "price": "119940000", 
        "type": "buy", 
        "amount": "0.00159389"
    }, 
    {
        "date": "1579333663", 
        "tid": "14386054", 
        "price": "119940000", 
        "type": "buy", 
        "amount": "0.00752102"
    }, 
    {
        "date": "1579333661", 
        "tid": "14386053", 
        "price": "119799000", 
        "type": "sell", 
        "amount": "0.00767000"
    }, 
    {
        "date": "1579333653", 
        "tid": "14386052", 
        "price": "119940000", 
        "type": "buy", 
        "amount": "0.00752102"
    }, 
    {
        "date": "1579333461", 
        "tid": "14386051", 
        "price": "119941000", 
        "type": "buy", 
        "amount": "0.00040743"
    }, 
    {
        "date": "1579333461", 
        "tid": "14386050", 
        "price": "119901000", 
        "type": "buy", 
        "amount": "0.00044034"
    }, 
    {
        "date": "1579333461", 
        "tid": "14386049", 
        "price": "119873000", 
        "type": "buy", 
        "amount": "0.00256592"
    }, 
    {
        "date": "1579333461", 
        "tid": "14386048", 
        "price": "119858000", 
        "type": "buy", 
        "amount": "0.00074470"
    }, 
    {
        "date": "1579333453", 
        "tid": "14386047", 
        "price": "119774000", 
        "type": "sell", 
        "amount": "0.00050472"
    }, 
    {
        "date": "1579333447", 
        "tid": "14386046", 
        "price": "120099000", 
        "type": "sell", 
        "amount": "0.00861366"
    }, 
    {
        "date": "1579333439", 
        "tid": "14386045", 
        "price": "119490000", 
        "type": "sell", 
        "amount": "0.04560626"
    }, 
    {
        "date": "1579333439", 
        "tid": "14386044", 
        "price": "119490000", 
        "type": "sell", 
        "amount": "1.32847164"
    }, 
    {
        "date": "1579333439", 
        "tid": "14386043", 
        "price": "119492000", 
        "type": "sell", 
        "amount": "0.25106283"
    }, 
    {
        "date": "1579333439", 
        "tid": "14386042", 
        "price": "119500000", 
        "type": "sell", 
        "amount": "3.46996324"
    }, 
    {
        "date": "1579333439", 
        "tid": "14386041", 
        "price": "119501000", 
        "type": "sell", 
        "amount": "0.00050878"
    }, 
    {
        "date": "1579333439", 
        "tid": "14386040", 
        "price": "119510000", 
        "type": "sell", 
        "amount": "0.00836750"
    }, 
    {
        "date": "1579333439", 
        "tid": "14386039", 
        "price": "119534000", 
        "type": "sell", 
        "amount": "0.08478505"
    }, 
    {
        "date": "1579333439", 
        "tid": "14386038", 
        "price": "119536000", 
        "type": "sell", 
        "amount": "0.00044033"
    }, 
    {
        "date": "1579333439", 
        "tid": "14386037", 
        "price": "119537000", 
        "type": "sell", 
        "amount": "0.00798757"
    }, 
    {
        "date": "1579333439", 
        "tid": "14386036", 
        "price": "119540000", 
        "type": "sell", 
        "amount": "0.00418270"
    }, 
    {
        "date": "1579333439", 
        "tid": "14386035", 
        "price": "119547000", 
        "type": "sell", 
        "amount": "0.00418245"
    }, 
    {
        "date": "1579333439", 
        "tid": "14386034", 
        "price": "119550000", 
        "type": "sell", 
        "amount": "0.13383520"
    }, 
    {
        "date": "1579333439", 
        "tid": "14386033", 
        "price": "119556000", 
        "type": "sell", 
        "amount": "0.04529079"
    }, 
    {
        "date": "1579333439", 
        "tid": "14386032", 
        "price": "119570000", 
        "type": "sell", 
        "amount": "0.01515381"
    }, 
    {
        "date": "1579333439", 
        "tid": "14386031", 
        "price": "119574000", 
        "type": "sell", 
        "amount": "0.02090755"
    }, 
    {
        "date": "1579333439", 
        "tid": "14386030", 
        "price": "119578000", 
        "type": "sell", 
        "amount": "0.04599913"
    }, 
    {
        "date": "1579333439", 
        "tid": "14386029", 
        "price": "119599000", 
        "type": "sell", 
        "amount": "0.00787981"
    }, 
    {
        "date": "1579333439", 
        "tid": "14386028", 
        "price": "119600000", 
        "type": "sell", 
        "amount": "0.02163415"
    }, 
    {
        "date": "1579333439", 
        "tid": "14386027", 
        "price": "119601000", 
        "type": "sell", 
        "amount": "0.04521123"
    }, 
    {
        "date": "1579333439", 
        "tid": "14386026", 
        "price": "119622000", 
        "type": "sell", 
        "amount": "0.00074470"
    }, 
    {
        "date": "1579333439", 
        "tid": "14386025", 
        "price": "119625000", 
        "type": "sell", 
        "amount": "0.00256592"
    }, 
    {
        "date": "1579333439", 
        "tid": "14386024", 
        "price": "119640000", 
        "type": "sell", 
        "amount": "0.17761618"
    }, 
    {
        "date": "1579333439", 
        "tid": "14386023", 
        "price": "119647000", 
        "type": "sell", 
        "amount": "0.00115350"
    }, 
    {
        "date": "1579333439", 
        "tid": "14386022", 
        "price": "119667000", 
        "type": "sell", 
        "amount": "0.08356522"
    }, 
    {
        "date": "1579333439", 
        "tid": "14386021", 
        "price": "119670000", 
        "type": "sell", 
        "amount": "0.00417815"
    }, 
    {
        "date": "1579333439", 
        "tid": "14386020", 
        "price": "119678000", 
        "type": "sell", 
        "amount": "0.03000000"
    }, 
    {
        "date": "1579333439", 
        "tid": "14386019", 
        "price": "119681000", 
        "type": "sell", 
        "amount": "0.01520708"
    }, 
    {
        "date": "1579333439", 
        "tid": "14386018", 
        "price": "119685000", 
        "type": "sell", 
        "amount": "0.00279177"
    }, 
    {
        "date": "1579333439", 
        "tid": "14386017", 
        "price": "119700000", 
        "type": "sell", 
        "amount": "0.15604412"
    }, 
    {
        "date": "1579333439", 
        "tid": "14386016", 
        "price": "119703000", 
        "type": "sell", 
        "amount": "0.00417700"
    }, 
    {
        "date": "1579333439", 
        "tid": "14386015", 
        "price": "119713000", 
        "type": "sell", 
        "amount": "0.00067889"
    }, 
    {
        "date": "1579333439", 
        "tid": "14386014", 
        "price": "119715000", 
        "type": "sell", 
        "amount": "0.00112199"
    }, 
    {
        "date": "1579333439", 
        "tid": "14386013", 
        "price": "119720000", 
        "type": "sell", 
        "amount": "0.00417641"
    }, 
    {
        "date": "1579333439", 
        "tid": "14386012", 
        "price": "119727000", 
        "type": "sell", 
        "amount": "0.00053670"
    }, 
    {
        "date": "1579333439", 
        "tid": "14386011", 
        "price": "119733000", 
        "type": "sell", 
        "amount": "0.16703832"
    }, 
    {
        "date": "1579333439", 
        "tid": "14386010", 
        "price": "119750000", 
        "type": "sell", 
        "amount": "0.04052217"
    }, 
    {
        "date": "1579333439", 
        "tid": "14386009", 
        "price": "119758000", 
        "type": "sell", 
        "amount": "0.00835017"
    }, 
    {
        "date": "1579333439", 
        "tid": "14386008", 
        "price": "119800000", 
        "type": "sell", 
        "amount": "0.52036874"
    }, 
    {
        "date": "1579333439", 
        "tid": "14386007", 
        "price": "119808000", 
        "type": "sell", 
        "amount": "0.00134782"
    }, 
    {
        "date": "1579333439", 
        "tid": "14386006", 
        "price": "119810000", 
        "type": "sell", 
        "amount": "0.01006884"
    }, 
    {
        "date": "1579333439", 
        "tid": "14386005", 
        "price": "119815000", 
        "type": "sell", 
        "amount": "0.60000000"
    }, 
    {
        "date": "1579333439", 
        "tid": "14386004", 
        "price": "119831000", 
        "type": "sell", 
        "amount": "0.00175246"
    }, 
    {
        "date": "1579333439", 
        "tid": "14386003", 
        "price": "119840000", 
        "type": "sell", 
        "amount": "0.57147461"
    }, 
    {
        "date": "1579333439", 
        "tid": "14386002", 
        "price": "119843000", 
        "type": "sell", 
        "amount": "0.01203847"
    }, 
    {
        "date": "1579333439", 
        "tid": "14386001", 
        "price": "119847000", 
        "type": "sell", 
        "amount": "0.09708854"
    }, 
    {
        "date": "1579333439", 
        "tid": "14386000", 
        "price": "119849000", 
        "type": "sell", 
        "amount": "0.03998441"
    }, 
    {
        "date": "1579333439", 
        "tid": "14385999", 
        "price": "119850000", 
        "type": "sell", 
        "amount": "0.20297728"
    }, 
    {
        "date": "1579333439", 
        "tid": "14385998", 
        "price": "119857000", 
        "type": "sell", 
        "amount": "1.90551448"
    }, 
    {
        "date": "1579333439", 
        "tid": "14385997", 
        "price": "119858000", 
        "type": "sell", 
        "amount": "0.00074469"
    }, 
    {
        "date": "1579333439", 
        "tid": "14385996", 
        "price": "119859000", 
        "type": "sell", 
        "amount": "0.37472363"
    }, 
    {
        "date": "1579333439", 
        "tid": "14385995", 
        "price": "119880000", 
        "type": "sell", 
        "amount": "0.00365958"
    }, 
    {
        "date": "1579333439", 
        "tid": "14385994", 
        "price": "119886000", 
        "type": "sell", 
        "amount": "0.03996554"
    }, 
    {
        "date": "1579333439", 
        "tid": "14385993", 
        "price": "119887000", 
        "type": "sell", 
        "amount": "0.17025964"
    }, 
    {
        "date": "1579333439", 
        "tid": "14385992", 
        "price": "119889000", 
        "type": "sell", 
        "amount": "1.23398815"
    }, 
    {
        "date": "1579333439", 
        "tid": "14385991", 
        "price": "119897000", 
        "type": "sell", 
        "amount": "0.00535915"
    }, 
    {
        "date": "1579333439", 
        "tid": "14385990", 
        "price": "119900000", 
        "type": "sell", 
        "amount": "0.02620319"
    }, 
    {
        "date": "1579333439", 
        "tid": "14385989", 
        "price": "119945000", 
        "type": "sell", 
        "amount": "0.19880000"
    }, 
    {
        "date": "1579333439", 
        "tid": "14385988", 
        "price": "119950000", 
        "type": "sell", 
        "amount": "0.05668403"
    }, 
    {
        "date": "1579333439", 
        "tid": "14385987", 
        "price": "119951000", 
        "type": "sell", 
        "amount": "0.00800349"
    }, 
    {
        "date": "1579333439", 
        "tid": "14385986", 
        "price": "119953000", 
        "type": "sell", 
        "amount": "0.00833659"
    }, 
    {
        "date": "1579333439", 
        "tid": "14385985", 
        "price": "119960000", 
        "type": "sell", 
        "amount": "0.00574479"
    }, 
    {
        "date": "1579333439", 
        "tid": "14385984", 
        "price": "119989000", 
        "type": "sell", 
        "amount": "0.00752373"
    }, 
    {
        "date": "1579333439", 
        "tid": "14385983", 
        "price": "119990000", 
        "type": "sell", 
        "amount": "0.31923383"
    }, 
    {
        "date": "1579333439", 
        "tid": "14385982", 
        "price": "119991000", 
        "type": "sell", 
        "amount": "0.00908856"
    }, 
    {
        "date": "1579333439", 
        "tid": "14385981", 
        "price": "120000000", 
        "type": "sell", 
        "amount": "0.20301738"
    }, 
    {
        "date": "1579333439", 
        "tid": "14385980", 
        "price": "120001000", 
        "type": "sell", 
        "amount": "0.02916642"
    }, 
    {
        "date": "1579333439", 
        "tid": "14385979", 
        "price": "120002000", 
        "type": "sell", 
        "amount": "0.14054991"
    }, 
    {
        "date": "1579333290", 
        "tid": "14385978", 
        "price": "120100000", 
        "type": "buy", 
        "amount": "0.00168751"
    }, 
    {
        "date": "1579333227", 
        "tid": "14385977", 
        "price": "120100000", 
        "type": "buy", 
        "amount": "0.00059368"
    }, 
    {
        "date": "1579333216", 
        "tid": "14385976", 
        "price": "120002000", 
        "type": "sell", 
        "amount": "0.00270000"
    }, 
    {
        "date": "1579333184", 
        "tid": "14385975", 
        "price": "120100000", 
        "type": "buy", 
        "amount": "0.00415074"
    }, 
    {
        "date": "1579333152", 
        "tid": "14385974", 
        "price": "120100000", 
        "type": "buy", 
        "amount": "0.00941902"
    }, 
    {
        "date": "1579333131", 
        "tid": "14385973", 
        "price": "120002000", 
        "type": "sell", 
        "amount": "0.00867360"
    }, 
    {
        "date": "1579333131", 
        "tid": "14385972", 
        "price": "120099000", 
        "type": "sell", 
        "amount": "0.00132640"
    }, 
    {
        "date": "1579333128", 
        "tid": "14385971", 
        "price": "120100000", 
        "type": "buy", 
        "amount": "0.01363675"
    }, 
    {
        "date": "1579333067", 
        "tid": "14385970", 
        "price": "120100000", 
        "type": "buy", 
        "amount": "0.00025317"
    }, 
    {
        "date": "1579333067", 
        "tid": "14385969", 
        "price": "120099000", 
        "type": "buy", 
        "amount": "0.00100000"
    }, 
    {
        "date": "1579333007", 
        "tid": "14385968", 
        "price": "120012000", 
        "type": "sell", 
        "amount": "0.01600000"
    }, 
    {
        "date": "1579332798", 
        "tid": "14385967", 
        "price": "120012000", 
        "type": "sell", 
        "amount": "0.00178107"
    }, 
    {
        "date": "1579332757", 
        "tid": "14385966", 
        "price": "120000000", 
        "type": "sell", 
        "amount": "0.04143600"
    }, 
    {
        "date": "1579332757", 
        "tid": "14385965", 
        "price": "120010000", 
        "type": "sell", 
        "amount": "0.08596277"
    }, 
    {
        "date": "1579332757", 
        "tid": "14385964", 
        "price": "120012000", 
        "type": "sell", 
        "amount": "0.10873912"
    }, 
    {
        "date": "1579332757", 
        "tid": "14385963", 
        "price": "120016000", 
        "type": "sell", 
        "amount": "0.12549143"
    }, 
    {
        "date": "1579332737", 
        "tid": "14385962", 
        "price": "120100000", 
        "type": "buy", 
        "amount": "0.00012777"
    }, 
    {
        "date": "1579332737", 
        "tid": "14385961", 
        "price": "120099000", 
        "type": "buy", 
        "amount": "0.00066923"
    }, 
    {
        "date": "1579332737", 
        "tid": "14385960", 
        "price": "120017000", 
        "type": "buy", 
        "amount": "0.00084236"
    }, 
    {
        "date": "1579332727", 
        "tid": "14385959", 
        "price": "120016000", 
        "type": "sell", 
        "amount": "0.01623316"
    }, 
    {
        "date": "1579332383", 
        "tid": "14385958", 
        "price": "120015000", 
        "type": "sell", 
        "amount": "0.13270919"
    }, 
    {
        "date": "1579332383", 
        "tid": "14385957", 
        "price": "120036000", 
        "type": "sell", 
        "amount": "0.02106194"
    }, 
    {
        "date": "1579332383", 
        "tid": "14385956", 
        "price": "120039000", 
        "type": "sell", 
        "amount": "0.02650347"
    }, 
    {
        "date": "1579332383", 
        "tid": "14385955", 
        "price": "120040000", 
        "type": "sell", 
        "amount": "0.15105359"
    }, 
    {
        "date": "1579332383", 
        "tid": "14385954", 
        "price": "120099000", 
        "type": "sell", 
        "amount": "0.00237181"
    }, 
    {
        "date": "1579332367", 
        "tid": "14385953", 
        "price": "120040000", 
        "type": "sell", 
        "amount": "0.00800000"
    }, 
    {
        "date": "1579332332", 
        "tid": "14385952", 
        "price": "120100000", 
        "type": "buy", 
        "amount": "0.12937151"
    }, 
    {
        "date": "1579332332", 
        "tid": "14385951", 
        "price": "120099000", 
        "type": "buy", 
        "amount": "0.03421676"
    }, 
    {
        "date": "1579332332", 
        "tid": "14385950", 
        "price": "120071000", 
        "type": "buy", 
        "amount": "0.00244245"
    }, 
    {
        "date": "1579332307", 
        "tid": "14385949", 
        "price": "120040000", 
        "type": "sell", 
        "amount": "0.01000000"
    }, 
    {
        "date": "1579332261", 
        "tid": "14385948", 
        "price": "120040000", 
        "type": "sell", 
        "amount": "0.00715408"
    }, 
    {
        "date": "1579332208", 
        "tid": "14385947", 
        "price": "120099000", 
        "type": "buy", 
        "amount": "0.08390219"
    }, 
    {
        "date": "1579332208", 
        "tid": "14385946", 
        "price": "120098000", 
        "type": "buy", 
        "amount": "0.06084580"
    }, 
    {
        "date": "1579332208", 
        "tid": "14385945", 
        "price": "120097000", 
        "type": "buy", 
        "amount": "0.00799441"
    }, 
    {
        "date": "1579332208", 
        "tid": "14385944", 
        "price": "120071000", 
        "type": "buy", 
        "amount": "0.00244245"
    }, 
    {
        "date": "1579332208", 
        "tid": "14385943", 
        "price": "120070000", 
        "type": "buy", 
        "amount": "0.00830044"
    }, 
    {
        "date": "1579332208", 
        "tid": "14385942", 
        "price": "120069000", 
        "type": "buy", 
        "amount": "0.04117602"
    }, 
    {
        "date": "1579332208", 
        "tid": "14385941", 
        "price": "120056000", 
        "type": "buy", 
        "amount": "0.00148513"
    }, 
    {
        "date": "1579332208", 
        "tid": "14385940", 
        "price": "120051000", 
        "type": "buy", 
        "amount": "0.03676610"
    }, 
    {
        "date": "1579332208", 
        "tid": "14385939", 
        "price": "120040000", 
        "type": "buy", 
        "amount": "0.09338255"
    }, 
    {
        "date": "1579332180", 
        "tid": "14385938", 
        "price": "120040000", 
        "type": "buy", 
        "amount": "0.00127319"
    }, 
    {
        "date": "1579332060", 
        "tid": "14385937", 
        "price": "120040000", 
        "type": "buy", 
        "amount": "0.03322255"
    }, 
    {
        "date": "1579332057", 
        "tid": "14385936", 
        "price": "120040000", 
        "type": "buy", 
        "amount": "0.06348149"
    }, 
    {
        "date": "1579332034", 
        "tid": "14385935", 
        "price": "120040000", 
        "type": "buy", 
        "amount": "0.00035124"
    }, 
    {
        "date": "1579332034", 
        "tid": "14385934", 
        "price": "120013000", 
        "type": "buy", 
        "amount": "0.00020739"
    }, 
    {
        "date": "1579331999", 
        "tid": "14385933", 
        "price": "120013000", 
        "type": "buy", 
        "amount": "0.06913070"
    }, 
    {
        "date": "1579331962", 
        "tid": "14385932", 
        "price": "120012000", 
        "type": "sell", 
        "amount": "0.00050000"
    }, 
    {
        "date": "1579331876", 
        "tid": "14385931", 
        "price": "120012000", 
        "type": "sell", 
        "amount": "0.00357856"
    }, 
    {
        "date": "1579331690", 
        "tid": "14385930", 
        "price": "120011000", 
        "type": "sell", 
        "amount": "0.02195415"
    }, 
    {
        "date": "1579331632", 
        "tid": "14385929", 
        "price": "120040000", 
        "type": "buy", 
        "amount": "0.11725157"
    }, 
    {
        "date": "1579331632", 
        "tid": "14385928", 
        "price": "120039000", 
        "type": "buy", 
        "amount": "0.03297490"
    }, 
    {
        "date": "1579331632", 
        "tid": "14385927", 
        "price": "120011000", 
        "type": "buy", 
        "amount": "0.00342898"
    }, 
    {
        "date": "1579331542", 
        "tid": "14385926", 
        "price": "120010000", 
        "type": "sell", 
        "amount": "0.00300000"
    }, 
    {
        "date": "1579331376", 
        "tid": "14385925", 
        "price": "120011000", 
        "type": "buy", 
        "amount": "0.00438902"
    }, 
    {
        "date": "1579331334", 
        "tid": "14385924", 
        "price": "120041000", 
        "type": "buy", 
        "amount": "0.01880536"
    }, 
    {
        "date": "1579331190", 
        "tid": "14385923", 
        "price": "120040000", 
        "type": "sell", 
        "amount": "0.00041652"
    }, 
    {
        "date": "1579331178", 
        "tid": "14385922", 
        "price": "120069000", 
        "type": "buy", 
        "amount": "0.02091849"
    }, 
    {
        "date": "1579331156", 
        "tid": "14385921", 
        "price": "120069000", 
        "type": "buy", 
        "amount": "0.00198872"
    }, 
    {
        "date": "1579331156", 
        "tid": "14385920", 
        "price": "120050000", 
        "type": "buy", 
        "amount": "0.00058503"
    }, 
    {
        "date": "1579331156", 
        "tid": "14385919", 
        "price": "120040000", 
        "type": "buy", 
        "amount": "0.00244245"
    }, 
    {
        "date": "1579331144", 
        "tid": "14385918", 
        "price": "119991000", 
        "type": "sell", 
        "amount": "0.00237062"
    }, 
    {
        "date": "1579331144", 
        "tid": "14385917", 
        "price": "119995000", 
        "type": "sell", 
        "amount": "0.00819838"
    }, 
    {
        "date": "1579331093", 
        "tid": "14385916", 
        "price": "120010000", 
        "type": "sell", 
        "amount": "0.00999000"
    }, 
    {
        "date": "1579331080", 
        "tid": "14385915", 
        "price": "120069000", 
        "type": "buy", 
        "amount": "0.00941291"
    }, 
    {
        "date": "1579331067", 
        "tid": "14385914", 
        "price": "120010000", 
        "type": "sell", 
        "amount": "0.00660000"
    }, 
    {
        "date": "1579331034", 
        "tid": "14385913", 
        "price": "120039000", 
        "type": "buy", 
        "amount": "0.00941526"
    }, 
    {
        "date": "1579330956", 
        "tid": "14385912", 
        "price": "120039000", 
        "type": "sell", 
        "amount": "0.00083306"
    }
]