[
    {
        "date": "1579283918", 
        "tid": "14383928", 
        "price": "120290000", 
        "type": "buy", 
        "amount": "0.00042271"
    }, 
    {
        "date": "1579283910", 
        "tid": "14383927", 
        "price": "120204000", 
        "type": "buy", 
        "amount": "0.00145545"
    }, 
    {
        "date": "1579283906", 
        "tid": "14383926", 
        "price": "120204000", 
        "type": "buy", 
        "amount": "0.00812842"
    }, 
    {
        "date": "1579283894", 
        "tid": "14383925", 
        "price": "120186000", 
        "type": "sell", 
        "amount": "0.00436000"
    }, 
    {
        "date": "1579283844", 
        "tid": "14383924", 
        "price": "120204000", 
        "type": "buy", 
        "amount": "0.00178327"
    }, 
    {
        "date": "1579283740", 
        "tid": "14383923", 
        "price": "120186000", 
        "type": "sell", 
        "amount": "0.08005435"
    }, 
    {
        "date": "1579283740", 
        "tid": "14383922", 
        "price": "120203000", 
        "type": "sell", 
        "amount": "0.06948989"
    }, 
    {
        "date": "1579283730", 
        "tid": "14383921", 
        "price": "120203000", 
        "type": "sell", 
        "amount": "0.00603355"
    }, 
    {
        "date": "1579283640", 
        "tid": "14383920", 
        "price": "120204000", 
        "type": "buy", 
        "amount": "0.01137908"
    }, 
    {
        "date": "1579283598", 
        "tid": "14383919", 
        "price": "120296000", 
        "type": "buy", 
        "amount": "0.01657592"
    }, 
    {
        "date": "1579283477", 
        "tid": "14383918", 
        "price": "120299000", 
        "type": "buy", 
        "amount": "0.00392650"
    }, 
    {
        "date": "1579283477", 
        "tid": "14383917", 
        "price": "120252000", 
        "type": "buy", 
        "amount": "0.00100000"
    }, 
    {
        "date": "1579283477", 
        "tid": "14383916", 
        "price": "120251000", 
        "type": "buy", 
        "amount": "0.00005296"
    }, 
    {
        "date": "1579283477", 
        "tid": "14383915", 
        "price": "120204000", 
        "type": "buy", 
        "amount": "0.00348964"
    }, 
    {
        "date": "1579283395", 
        "tid": "14383914", 
        "price": "120204000", 
        "type": "buy", 
        "amount": "0.00042301"
    }, 
    {
        "date": "1579283392", 
        "tid": "14383913", 
        "price": "120204000", 
        "type": "buy", 
        "amount": "0.00223946"
    }, 
    {
        "date": "1579283389", 
        "tid": "14383912", 
        "price": "120204000", 
        "type": "buy", 
        "amount": "0.02582313"
    }, 
    {
        "date": "1579283337", 
        "tid": "14383911", 
        "price": "120204000", 
        "type": "buy", 
        "amount": "0.00124415"
    }, 
    {
        "date": "1579283305", 
        "tid": "14383910", 
        "price": "120204000", 
        "type": "buy", 
        "amount": "0.00045619"
    }, 
    {
        "date": "1579283180", 
        "tid": "14383909", 
        "price": "120203000", 
        "type": "sell", 
        "amount": "0.00774500"
    }, 
    {
        "date": "1579283155", 
        "tid": "14383908", 
        "price": "120203000", 
        "type": "sell", 
        "amount": "0.00078222"
    }, 
    {
        "date": "1579283103", 
        "tid": "14383907", 
        "price": "120251000", 
        "type": "buy", 
        "amount": "0.00125942"
    }, 
    {
        "date": "1579283103", 
        "tid": "14383906", 
        "price": "120250000", 
        "type": "buy", 
        "amount": "0.00056463"
    }, 
    {
        "date": "1579283101", 
        "tid": "14383905", 
        "price": "120250000", 
        "type": "buy", 
        "amount": "0.00233580"
    }, 
    {
        "date": "1579283101", 
        "tid": "14383904", 
        "price": "120203000", 
        "type": "sell", 
        "amount": "0.00746120"
    }, 
    {
        "date": "1579283101", 
        "tid": "14383903", 
        "price": "120204000", 
        "type": "sell", 
        "amount": "0.00084310"
    }, 
    {
        "date": "1579283076", 
        "tid": "14383902", 
        "price": "120250000", 
        "type": "sell", 
        "amount": "0.00209957"
    }, 
    {
        "date": "1579283038", 
        "tid": "14383901", 
        "price": "120251000", 
        "type": "buy", 
        "amount": "0.00414553"
    }, 
    {
        "date": "1579282841", 
        "tid": "14383900", 
        "price": "120250000", 
        "type": "sell", 
        "amount": "0.02594146"
    }, 
    {
        "date": "1579282530", 
        "tid": "14383899", 
        "price": "120204000", 
        "type": "sell", 
        "amount": "0.00160162"
    }, 
    {
        "date": "1579282530", 
        "tid": "14383898", 
        "price": "120250000", 
        "type": "sell", 
        "amount": "0.16619086"
    }, 
    {
        "date": "1579282530", 
        "tid": "14383897", 
        "price": "120251000", 
        "type": "sell", 
        "amount": "0.18476752"
    }, 
    {
        "date": "1579282458", 
        "tid": "14383896", 
        "price": "120252000", 
        "type": "buy", 
        "amount": "0.00042284"
    }, 
    {
        "date": "1579282281", 
        "tid": "14383895", 
        "price": "120382000", 
        "type": "buy", 
        "amount": "0.00042238"
    }, 
    {
        "date": "1579282272", 
        "tid": "14383894", 
        "price": "120382000", 
        "type": "buy", 
        "amount": "0.00042238"
    }, 
    {
        "date": "1579282258", 
        "tid": "14383893", 
        "price": "120382000", 
        "type": "buy", 
        "amount": "0.20619717"
    }, 
    {
        "date": "1579282258", 
        "tid": "14383892", 
        "price": "120370000", 
        "type": "buy", 
        "amount": "0.00085401"
    }, 
    {
        "date": "1579282052", 
        "tid": "14383891", 
        "price": "120500000", 
        "type": "buy", 
        "amount": "0.08750401"
    }, 
    {
        "date": "1579282052", 
        "tid": "14383890", 
        "price": "120499000", 
        "type": "buy", 
        "amount": "0.06487040"
    }, 
    {
        "date": "1579282052", 
        "tid": "14383889", 
        "price": "120498000", 
        "type": "buy", 
        "amount": "0.01251742"
    }, 
    {
        "date": "1579282052", 
        "tid": "14383888", 
        "price": "120497000", 
        "type": "buy", 
        "amount": "0.00226709"
    }, 
    {
        "date": "1579282052", 
        "tid": "14383887", 
        "price": "120496000", 
        "type": "buy", 
        "amount": "0.00158698"
    }, 
    {
        "date": "1579282052", 
        "tid": "14383886", 
        "price": "120495000", 
        "type": "buy", 
        "amount": "0.00090685"
    }, 
    {
        "date": "1579282052", 
        "tid": "14383885", 
        "price": "120408000", 
        "type": "buy", 
        "amount": "0.00244472"
    }, 
    {
        "date": "1579282052", 
        "tid": "14383884", 
        "price": "120367000", 
        "type": "buy", 
        "amount": "0.00865616"
    }, 
    {
        "date": "1579282052", 
        "tid": "14383883", 
        "price": "120178000", 
        "type": "buy", 
        "amount": "0.02617708"
    }, 
    {
        "date": "1579282014", 
        "tid": "14383882", 
        "price": "120178000", 
        "type": "buy", 
        "amount": "0.00054019"
    }, 
    {
        "date": "1579281730", 
        "tid": "14383881", 
        "price": "120178000", 
        "type": "buy", 
        "amount": "0.00331844"
    }, 
    {
        "date": "1579281670", 
        "tid": "14383880", 
        "price": "120177000", 
        "type": "sell", 
        "amount": "0.00042676"
    }, 
    {
        "date": "1579281661", 
        "tid": "14383879", 
        "price": "120177000", 
        "type": "sell", 
        "amount": "0.00042725"
    }, 
    {
        "date": "1579281652", 
        "tid": "14383878", 
        "price": "120177000", 
        "type": "sell", 
        "amount": "0.00057145"
    }, 
    {
        "date": "1579281581", 
        "tid": "14383877", 
        "price": "120177000", 
        "type": "sell", 
        "amount": "0.03987672"
    }, 
    {
        "date": "1579281495", 
        "tid": "14383876", 
        "price": "120177000", 
        "type": "sell", 
        "amount": "0.01315832"
    }, 
    {
        "date": "1579281435", 
        "tid": "14383875", 
        "price": "120177000", 
        "type": "sell", 
        "amount": "0.01305897"
    }, 
    {
        "date": "1579281426", 
        "tid": "14383874", 
        "price": "120177000", 
        "type": "sell", 
        "amount": "0.11700000"
    }, 
    {
        "date": "1579281413", 
        "tid": "14383873", 
        "price": "120177000", 
        "type": "sell", 
        "amount": "0.03705252"
    }, 
    {
        "date": "1579281283", 
        "tid": "14383872", 
        "price": "120178000", 
        "type": "buy", 
        "amount": "0.00066369"
    }, 
    {
        "date": "1579281197", 
        "tid": "14383871", 
        "price": "120177000", 
        "type": "sell", 
        "amount": "0.01305897"
    }, 
    {
        "date": "1579281195", 
        "tid": "14383870", 
        "price": "120177000", 
        "type": "sell", 
        "amount": "0.01017682"
    }, 
    {
        "date": "1579281145", 
        "tid": "14383869", 
        "price": "120178000", 
        "type": "buy", 
        "amount": "0.00306956"
    }, 
    {
        "date": "1579281113", 
        "tid": "14383868", 
        "price": "120177000", 
        "type": "sell", 
        "amount": "0.09101270"
    }, 
    {
        "date": "1579281049", 
        "tid": "14383867", 
        "price": "120177000", 
        "type": "sell", 
        "amount": "0.01094088"
    }, 
    {
        "date": "1579280950", 
        "tid": "14383866", 
        "price": "120178000", 
        "type": "buy", 
        "amount": "0.00104835"
    }, 
    {
        "date": "1579280933", 
        "tid": "14383865", 
        "price": "120178000", 
        "type": "buy", 
        "amount": "0.00082962"
    }, 
    {
        "date": "1579280912", 
        "tid": "14383864", 
        "price": "120177000", 
        "type": "sell", 
        "amount": "0.00084557"
    }, 
    {
        "date": "1579280840", 
        "tid": "14383863", 
        "price": "120178000", 
        "type": "buy", 
        "amount": "0.00622209"
    }, 
    {
        "date": "1579280839", 
        "tid": "14383862", 
        "price": "120177000", 
        "type": "sell", 
        "amount": "0.01306734"
    }, 
    {
        "date": "1579280791", 
        "tid": "14383861", 
        "price": "120177000", 
        "type": "sell", 
        "amount": "0.00646519"
    }, 
    {
        "date": "1579280775", 
        "tid": "14383860", 
        "price": "120177000", 
        "type": "sell", 
        "amount": "0.00484889"
    }, 
    {
        "date": "1579280713", 
        "tid": "14383859", 
        "price": "120178000", 
        "type": "buy", 
        "amount": "0.00061770"
    }, 
    {
        "date": "1579280504", 
        "tid": "14383858", 
        "price": "120178000", 
        "type": "buy", 
        "amount": "0.00829610"
    }, 
    {
        "date": "1579280502", 
        "tid": "14383857", 
        "price": "120177000", 
        "type": "sell", 
        "amount": "0.02500020"
    }, 
    {
        "date": "1579280475", 
        "tid": "14383856", 
        "price": "120204000", 
        "type": "sell", 
        "amount": "0.00244471"
    }, 
    {
        "date": "1579280475", 
        "tid": "14383855", 
        "price": "120222000", 
        "type": "sell", 
        "amount": "0.00068207"
    }, 
    {
        "date": "1579280475", 
        "tid": "14383854", 
        "price": "120249000", 
        "type": "sell", 
        "amount": "0.00101695"
    }, 
    {
        "date": "1579280475", 
        "tid": "14383853", 
        "price": "120250000", 
        "type": "sell", 
        "amount": "0.00050471"
    }, 
    {
        "date": "1579280475", 
        "tid": "14383852", 
        "price": "120267000", 
        "type": "sell", 
        "amount": "0.00044033"
    }, 
    {
        "date": "1579280475", 
        "tid": "14383851", 
        "price": "120270000", 
        "type": "sell", 
        "amount": "0.03574961"
    }, 
    {
        "date": "1579280430", 
        "tid": "14383850", 
        "price": "120271000", 
        "type": "buy", 
        "amount": "0.00831456"
    }, 
    {
        "date": "1579280424", 
        "tid": "14383849", 
        "price": "120270000", 
        "type": "sell", 
        "amount": "0.03000000"
    }, 
    {
        "date": "1579280414", 
        "tid": "14383848", 
        "price": "120380000", 
        "type": "buy", 
        "amount": "0.00034360"
    }, 
    {
        "date": "1579280414", 
        "tid": "14383847", 
        "price": "120379000", 
        "type": "buy", 
        "amount": "0.00090772"
    }, 
    {
        "date": "1579280414", 
        "tid": "14383846", 
        "price": "120378000", 
        "type": "buy", 
        "amount": "0.00041687"
    }, 
    {
        "date": "1579280398", 
        "tid": "14383845", 
        "price": "120383000", 
        "type": "buy", 
        "amount": "0.04738418"
    }, 
    {
        "date": "1579280398", 
        "tid": "14383844", 
        "price": "120380000", 
        "type": "buy", 
        "amount": "0.00152237"
    }, 
    {
        "date": "1579280398", 
        "tid": "14383843", 
        "price": "120379000", 
        "type": "buy", 
        "amount": "0.00086994"
    }, 
    {
        "date": "1579280398", 
        "tid": "14383842", 
        "price": "120378000", 
        "type": "buy", 
        "amount": "0.00420317"
    }, 
    {
        "date": "1579280347", 
        "tid": "14383841", 
        "price": "120270000", 
        "type": "sell", 
        "amount": "0.02194334"
    }, 
    {
        "date": "1579280347", 
        "tid": "14383840", 
        "price": "120377000", 
        "type": "sell", 
        "amount": "0.04153617"
    }, 
    {
        "date": "1579280302", 
        "tid": "14383839", 
        "price": "120378000", 
        "type": "buy", 
        "amount": "0.00128756"
    }, 
    {
        "date": "1579280292", 
        "tid": "14383838", 
        "price": "120270000", 
        "type": "sell", 
        "amount": "0.05107599"
    }, 
    {
        "date": "1579280266", 
        "tid": "14383837", 
        "price": "120378000", 
        "type": "buy", 
        "amount": "0.00939297"
    }, 
    {
        "date": "1579280263", 
        "tid": "14383836", 
        "price": "120270000", 
        "type": "sell", 
        "amount": "0.14066340"
    }, 
    {
        "date": "1579280263", 
        "tid": "14383835", 
        "price": "120307000", 
        "type": "sell", 
        "amount": "0.00090601"
    }, 
    {
        "date": "1579280263", 
        "tid": "14383834", 
        "price": "120318000", 
        "type": "sell", 
        "amount": "0.02097659"
    }, 
    {
        "date": "1579280261", 
        "tid": "14383833", 
        "price": "120318000", 
        "type": "sell", 
        "amount": "0.00251002"
    }, 
    {
        "date": "1579280238", 
        "tid": "14383832", 
        "price": "120381000", 
        "type": "buy", 
        "amount": "0.00346393"
    }, 
    {
        "date": "1579280225", 
        "tid": "14383831", 
        "price": "120384000", 
        "type": "buy", 
        "amount": "0.00828190"
    }, 
    {
        "date": "1579280217", 
        "tid": "14383830", 
        "price": "120318000", 
        "type": "sell", 
        "amount": "0.05962640"
    }, 
    {
        "date": "1579280217", 
        "tid": "14383829", 
        "price": "120330000", 
        "type": "sell", 
        "amount": "0.00074469"
    }, 
    {
        "date": "1579280217", 
        "tid": "14383828", 
        "price": "120351000", 
        "type": "sell", 
        "amount": "0.00067889"
    }, 
    {
        "date": "1579280217", 
        "tid": "14383827", 
        "price": "120354000", 
        "type": "sell", 
        "amount": "0.00696751"
    }, 
    {
        "date": "1579280217", 
        "tid": "14383826", 
        "price": "120359000", 
        "type": "sell", 
        "amount": "0.00153966"
    }, 
    {
        "date": "1579280217", 
        "tid": "14383825", 
        "price": "120392000", 
        "type": "sell", 
        "amount": "0.00112200"
    }, 
    {
        "date": "1579280217", 
        "tid": "14383824", 
        "price": "120408000", 
        "type": "sell", 
        "amount": "0.00244472"
    }, 
    {
        "date": "1579280217", 
        "tid": "14383823", 
        "price": "120432000", 
        "type": "sell", 
        "amount": "0.00094914"
    }, 
    {
        "date": "1579280217", 
        "tid": "14383822", 
        "price": "120503000", 
        "type": "sell", 
        "amount": "0.03944300"
    }, 
    {
        "date": "1579280204", 
        "tid": "14383821", 
        "price": "120503000", 
        "type": "sell", 
        "amount": "0.00043840"
    }, 
    {
        "date": "1579280204", 
        "tid": "14383820", 
        "price": "120548000", 
        "type": "sell", 
        "amount": "0.01956160"
    }, 
    {
        "date": "1579280189", 
        "tid": "14383819", 
        "price": "120548000", 
        "type": "sell", 
        "amount": "0.04000000"
    }, 
    {
        "date": "1579280174", 
        "tid": "14383818", 
        "price": "120549000", 
        "type": "buy", 
        "amount": "0.08146513"
    }, 
    {
        "date": "1579280173", 
        "tid": "14383817", 
        "price": "120548000", 
        "type": "sell", 
        "amount": "0.00222985"
    }, 
    {
        "date": "1579280079", 
        "tid": "14383816", 
        "price": "120548000", 
        "type": "sell", 
        "amount": "0.00042443"
    }, 
    {
        "date": "1579280037", 
        "tid": "14383815", 
        "price": "120503000", 
        "type": "sell", 
        "amount": "0.00040326"
    }, 
    {
        "date": "1579280035", 
        "tid": "14383814", 
        "price": "120503000", 
        "type": "sell", 
        "amount": "0.00066927"
    }, 
    {
        "date": "1579280011", 
        "tid": "14383813", 
        "price": "120503000", 
        "type": "sell", 
        "amount": "0.02666195"
    }, 
    {
        "date": "1579280000", 
        "tid": "14383812", 
        "price": "120504000", 
        "type": "buy", 
        "amount": "0.00800000"
    }, 
    {
        "date": "1579279991", 
        "tid": "14383811", 
        "price": "120503000", 
        "type": "sell", 
        "amount": "0.01000000"
    }, 
    {
        "date": "1579279863", 
        "tid": "14383810", 
        "price": "120505000", 
        "type": "buy", 
        "amount": "0.07742304"
    }, 
    {
        "date": "1579279811", 
        "tid": "14383809", 
        "price": "120505000", 
        "type": "buy", 
        "amount": "0.00255713"
    }, 
    {
        "date": "1579279798", 
        "tid": "14383808", 
        "price": "120504000", 
        "type": "sell", 
        "amount": "0.00233742"
    }, 
    {
        "date": "1579279745", 
        "tid": "14383807", 
        "price": "120504000", 
        "type": "sell", 
        "amount": "0.03300000"
    }, 
    {
        "date": "1579279741", 
        "tid": "14383806", 
        "price": "120504000", 
        "type": "sell", 
        "amount": "0.00333936"
    }, 
    {
        "date": "1579279715", 
        "tid": "14383805", 
        "price": "120503000", 
        "type": "sell", 
        "amount": "0.01490496"
    }, 
    {
        "date": "1579279713", 
        "tid": "14383804", 
        "price": "120503000", 
        "type": "sell", 
        "amount": "0.03463759"
    }, 
    {
        "date": "1579279713", 
        "tid": "14383803", 
        "price": "120504000", 
        "type": "sell", 
        "amount": "0.00042322"
    }, 
    {
        "date": "1579279713", 
        "tid": "14383802", 
        "price": "120547000", 
        "type": "sell", 
        "amount": "0.04752834"
    }, 
    {
        "date": "1579279708", 
        "tid": "14383801", 
        "price": "120548000", 
        "type": "sell", 
        "amount": "0.04512083"
    }, 
    {
        "date": "1579279707", 
        "tid": "14383800", 
        "price": "120548000", 
        "type": "sell", 
        "amount": "0.01490496"
    }, 
    {
        "date": "1579279624", 
        "tid": "14383799", 
        "price": "120548000", 
        "type": "buy", 
        "amount": "0.00738923"
    }, 
    {
        "date": "1579279554", 
        "tid": "14383798", 
        "price": "120503000", 
        "type": "sell", 
        "amount": "0.01494498"
    }, 
    {
        "date": "1579279542", 
        "tid": "14383797", 
        "price": "120548000", 
        "type": "buy", 
        "amount": "0.00171077"
    }, 
    {
        "date": "1579279521", 
        "tid": "14383796", 
        "price": "120748000", 
        "type": "buy", 
        "amount": "0.26265684"
    }, 
    {
        "date": "1579279474", 
        "tid": "14383795", 
        "price": "120748000", 
        "type": "buy", 
        "amount": "0.06357951"
    }, 
    {
        "date": "1579279461", 
        "tid": "14383794", 
        "price": "120748000", 
        "type": "buy", 
        "amount": "0.02502084"
    }, 
    {
        "date": "1579279430", 
        "tid": "14383793", 
        "price": "120748000", 
        "type": "buy", 
        "amount": "0.05023351"
    }, 
    {
        "date": "1579279430", 
        "tid": "14383792", 
        "price": "120747000", 
        "type": "buy", 
        "amount": "0.00789152"
    }, 
    {
        "date": "1579279430", 
        "tid": "14383791", 
        "price": "120670000", 
        "type": "buy", 
        "amount": "0.00067890"
    }, 
    {
        "date": "1579279430", 
        "tid": "14383790", 
        "price": "120617000", 
        "type": "buy", 
        "amount": "0.00112200"
    }, 
    {
        "date": "1579279430", 
        "tid": "14383789", 
        "price": "120612000", 
        "type": "buy", 
        "amount": "0.00244472"
    }, 
    {
        "date": "1579279430", 
        "tid": "14383788", 
        "price": "120565000", 
        "type": "buy", 
        "amount": "0.00074470"
    }, 
    {
        "date": "1579279430", 
        "tid": "14383787", 
        "price": "120500000", 
        "type": "buy", 
        "amount": "0.00046973"
    }, 
    {
        "date": "1579279330", 
        "tid": "14383786", 
        "price": "120500000", 
        "type": "buy", 
        "amount": "0.00134617"
    }, 
    {
        "date": "1579279322", 
        "tid": "14383785", 
        "price": "120283000", 
        "type": "sell", 
        "amount": "0.00060283"
    }, 
    {
        "date": "1579279285", 
        "tid": "14383784", 
        "price": "120732000", 
        "type": "buy", 
        "amount": "0.00467924"
    }, 
    {
        "date": "1579279281", 
        "tid": "14383783", 
        "price": "120270000", 
        "type": "sell", 
        "amount": "0.03563033"
    }, 
    {
        "date": "1579279281", 
        "tid": "14383782", 
        "price": "120271000", 
        "type": "sell", 
        "amount": "0.00694484"
    }, 
    {
        "date": "1579279281", 
        "tid": "14383781", 
        "price": "120330000", 
        "type": "sell", 
        "amount": "0.00074469"
    }, 
    {
        "date": "1579279281", 
        "tid": "14383780", 
        "price": "120351000", 
        "type": "sell", 
        "amount": "0.00067889"
    }, 
    {
        "date": "1579279281", 
        "tid": "14383779", 
        "price": "120370000", 
        "type": "sell", 
        "amount": "0.00157231"
    }
]