[
    {
        "date": "1579368308", 
        "tid": "14387710", 
        "price": "120368000", 
        "type": "sell", 
        "amount": "0.00293793"
    }, 
    {
        "date": "1579368176", 
        "tid": "14387709", 
        "price": "120487000", 
        "type": "buy", 
        "amount": "0.00232586"
    }, 
    {
        "date": "1579368176", 
        "tid": "14387708", 
        "price": "120346000", 
        "type": "buy", 
        "amount": "0.00087754"
    }, 
    {
        "date": "1579368123", 
        "tid": "14387707", 
        "price": "120344000", 
        "type": "sell", 
        "amount": "0.00923675"
    }, 
    {
        "date": "1579368123", 
        "tid": "14387706", 
        "price": "120345000", 
        "type": "sell", 
        "amount": "0.00195065"
    }, 
    {
        "date": "1579368088", 
        "tid": "14387705", 
        "price": "120345000", 
        "type": "sell", 
        "amount": "0.00054219"
    }, 
    {
        "date": "1579367962", 
        "tid": "14387704", 
        "price": "120488000", 
        "type": "buy", 
        "amount": "0.00082747"
    }, 
    {
        "date": "1579367933", 
        "tid": "14387703", 
        "price": "120343000", 
        "type": "sell", 
        "amount": "0.15564147"
    }, 
    {
        "date": "1579367933", 
        "tid": "14387702", 
        "price": "120345000", 
        "type": "sell", 
        "amount": "0.01019882"
    }, 
    {
        "date": "1579367865", 
        "tid": "14387701", 
        "price": "120343000", 
        "type": "sell", 
        "amount": "0.02223841"
    }, 
    {
        "date": "1579367847", 
        "tid": "14387700", 
        "price": "120342000", 
        "type": "sell", 
        "amount": "0.09519641"
    }, 
    {
        "date": "1579367847", 
        "tid": "14387699", 
        "price": "120371000", 
        "type": "sell", 
        "amount": "0.00682815"
    }, 
    {
        "date": "1579367847", 
        "tid": "14387698", 
        "price": "120372000", 
        "type": "sell", 
        "amount": "0.00554783"
    }, 
    {
        "date": "1579367847", 
        "tid": "14387697", 
        "price": "120373000", 
        "type": "sell", 
        "amount": "0.00426752"
    }, 
    {
        "date": "1579367847", 
        "tid": "14387696", 
        "price": "120374000", 
        "type": "sell", 
        "amount": "0.00298724"
    }, 
    {
        "date": "1579367847", 
        "tid": "14387695", 
        "price": "120404000", 
        "type": "sell", 
        "amount": "0.00077960"
    }, 
    {
        "date": "1579367847", 
        "tid": "14387694", 
        "price": "120405000", 
        "type": "sell", 
        "amount": "0.00830530"
    }, 
    {
        "date": "1579367847", 
        "tid": "14387693", 
        "price": "120573000", 
        "type": "sell", 
        "amount": "0.09822237"
    }, 
    {
        "date": "1579367621", 
        "tid": "14387692", 
        "price": "120489000", 
        "type": "sell", 
        "amount": "0.00077959"
    }, 
    {
        "date": "1579367587", 
        "tid": "14387691", 
        "price": "120599000", 
        "type": "buy", 
        "amount": "0.00082671"
    }, 
    {
        "date": "1579367459", 
        "tid": "14387690", 
        "price": "120595000", 
        "type": "buy", 
        "amount": "0.13756787"
    }, 
    {
        "date": "1579367459", 
        "tid": "14387689", 
        "price": "120574000", 
        "type": "buy", 
        "amount": "0.00077960"
    }, 
    {
        "date": "1579367459", 
        "tid": "14387688", 
        "price": "120565000", 
        "type": "buy", 
        "amount": "0.00074470"
    }, 
    {
        "date": "1579367459", 
        "tid": "14387687", 
        "price": "120513000", 
        "type": "buy", 
        "amount": "0.00116570"
    }, 
    {
        "date": "1579367459", 
        "tid": "14387686", 
        "price": "120512000", 
        "type": "buy", 
        "amount": "0.00560421"
    }, 
    {
        "date": "1579367459", 
        "tid": "14387685", 
        "price": "120489000", 
        "type": "buy", 
        "amount": "0.01950840"
    }, 
    {
        "date": "1579367304", 
        "tid": "14387684", 
        "price": "120327000", 
        "type": "sell", 
        "amount": "0.31394683"
    }, 
    {
        "date": "1579367304", 
        "tid": "14387683", 
        "price": "120330000", 
        "type": "sell", 
        "amount": "0.00074469"
    }, 
    {
        "date": "1579367304", 
        "tid": "14387682", 
        "price": "120404000", 
        "type": "sell", 
        "amount": "0.00077960"
    }, 
    {
        "date": "1579367304", 
        "tid": "14387681", 
        "price": "120489000", 
        "type": "sell", 
        "amount": "0.00077959"
    }, 
    {
        "date": "1579367304", 
        "tid": "14387680", 
        "price": "120499000", 
        "type": "sell", 
        "amount": "0.00087676"
    }, 
    {
        "date": "1579367304", 
        "tid": "14387679", 
        "price": "120500000", 
        "type": "sell", 
        "amount": "0.00829875"
    }, 
    {
        "date": "1579367304", 
        "tid": "14387678", 
        "price": "120509000", 
        "type": "sell", 
        "amount": "0.00503271"
    }, 
    {
        "date": "1579367228", 
        "tid": "14387677", 
        "price": "120511000", 
        "type": "sell", 
        "amount": "0.00519727"
    }, 
    {
        "date": "1579367040", 
        "tid": "14387676", 
        "price": "120513000", 
        "type": "buy", 
        "amount": "0.05791128"
    }, 
    {
        "date": "1579367024", 
        "tid": "14387675", 
        "price": "120513000", 
        "type": "buy", 
        "amount": "0.00670116"
    }, 
    {
        "date": "1579367023", 
        "tid": "14387674", 
        "price": "120511000", 
        "type": "sell", 
        "amount": "0.00822996"
    }, 
    {
        "date": "1579367023", 
        "tid": "14387673", 
        "price": "120512000", 
        "type": "sell", 
        "amount": "0.00342880"
    }, 
    {
        "date": "1579366767", 
        "tid": "14387672", 
        "price": "120600000", 
        "type": "buy", 
        "amount": "0.00364290"
    }, 
    {
        "date": "1579366767", 
        "tid": "14387671", 
        "price": "120591000", 
        "type": "buy", 
        "amount": "0.00638019"
    }, 
    {
        "date": "1579366751", 
        "tid": "14387670", 
        "price": "120512000", 
        "type": "sell", 
        "amount": "0.00045669"
    }, 
    {
        "date": "1579366561", 
        "tid": "14387669", 
        "price": "120591000", 
        "type": "buy", 
        "amount": "0.00132204"
    }, 
    {
        "date": "1579366561", 
        "tid": "14387668", 
        "price": "120574000", 
        "type": "buy", 
        "amount": "0.00077960"
    }, 
    {
        "date": "1579366561", 
        "tid": "14387667", 
        "price": "120565000", 
        "type": "buy", 
        "amount": "0.00074470"
    }, 
    {
        "date": "1579366561", 
        "tid": "14387666", 
        "price": "120563000", 
        "type": "buy", 
        "amount": "0.00370000"
    }, 
    {
        "date": "1579366561", 
        "tid": "14387665", 
        "price": "120560000", 
        "type": "buy", 
        "amount": "0.00094307"
    }, 
    {
        "date": "1579366561", 
        "tid": "14387664", 
        "price": "120512000", 
        "type": "buy", 
        "amount": "0.00078019"
    }, 
    {
        "date": "1579366379", 
        "tid": "14387663", 
        "price": "120506000", 
        "type": "buy", 
        "amount": "0.02564791"
    }, 
    {
        "date": "1579366360", 
        "tid": "14387662", 
        "price": "120506000", 
        "type": "buy", 
        "amount": "0.00041368"
    }, 
    {
        "date": "1579366278", 
        "tid": "14387661", 
        "price": "120507000", 
        "type": "buy", 
        "amount": "0.00081079"
    }, 
    {
        "date": "1579366271", 
        "tid": "14387660", 
        "price": "120507000", 
        "type": "buy", 
        "amount": "0.00908334"
    }, 
    {
        "date": "1579366271", 
        "tid": "14387659", 
        "price": "120500000", 
        "type": "buy", 
        "amount": "0.00901952"
    }, 
    {
        "date": "1579366250", 
        "tid": "14387658", 
        "price": "120489000", 
        "type": "buy", 
        "amount": "0.00077960"
    }, 
    {
        "date": "1579366250", 
        "tid": "14387657", 
        "price": "120484000", 
        "type": "buy", 
        "amount": "0.00477500"
    }, 
    {
        "date": "1579366229", 
        "tid": "14387656", 
        "price": "120404000", 
        "type": "buy", 
        "amount": "0.00077960"
    }, 
    {
        "date": "1579366209", 
        "tid": "14387655", 
        "price": "120319000", 
        "type": "buy", 
        "amount": "0.00534380"
    }, 
    {
        "date": "1579366091", 
        "tid": "14387654", 
        "price": "120318000", 
        "type": "sell", 
        "amount": "0.13072753"
    }, 
    {
        "date": "1579366079", 
        "tid": "14387653", 
        "price": "120319000", 
        "type": "buy", 
        "amount": "0.00204674"
    }, 
    {
        "date": "1579366051", 
        "tid": "14387652", 
        "price": "120319000", 
        "type": "buy", 
        "amount": "0.00144171"
    }, 
    {
        "date": "1579365949", 
        "tid": "14387651", 
        "price": "120318000", 
        "type": "sell", 
        "amount": "0.03273698"
    }, 
    {
        "date": "1579365863", 
        "tid": "14387650", 
        "price": "120286000", 
        "type": "buy", 
        "amount": "0.00422500"
    }, 
    {
        "date": "1579365837", 
        "tid": "14387649", 
        "price": "120285000", 
        "type": "sell", 
        "amount": "0.00058700"
    }, 
    {
        "date": "1579365786", 
        "tid": "14387648", 
        "price": "120285000", 
        "type": "sell", 
        "amount": "0.00788005"
    }, 
    {
        "date": "1579365783", 
        "tid": "14387647", 
        "price": "120285000", 
        "type": "buy", 
        "amount": "0.00391500"
    }, 
    {
        "date": "1579365737", 
        "tid": "14387646", 
        "price": "120284000", 
        "type": "sell", 
        "amount": "0.00337845"
    }, 
    {
        "date": "1579365677", 
        "tid": "14387645", 
        "price": "120285000", 
        "type": "buy", 
        "amount": "0.00074598"
    }, 
    {
        "date": "1579365674", 
        "tid": "14387644", 
        "price": "120285000", 
        "type": "buy", 
        "amount": "0.00045599"
    }, 
    {
        "date": "1579365674", 
        "tid": "14387643", 
        "price": "120255000", 
        "type": "buy", 
        "amount": "0.00029008"
    }, 
    {
        "date": "1579365671", 
        "tid": "14387642", 
        "price": "120255000", 
        "type": "buy", 
        "amount": "0.00215100"
    }, 
    {
        "date": "1579365671", 
        "tid": "14387641", 
        "price": "120224000", 
        "type": "buy", 
        "amount": "0.00166320"
    }, 
    {
        "date": "1579365670", 
        "tid": "14387640", 
        "price": "120224000", 
        "type": "buy", 
        "amount": "0.00077788"
    }, 
    {
        "date": "1579365651", 
        "tid": "14387639", 
        "price": "120180000", 
        "type": "sell", 
        "amount": "0.11640987"
    }, 
    {
        "date": "1579365651", 
        "tid": "14387638", 
        "price": "120181000", 
        "type": "sell", 
        "amount": "0.18768456"
    }, 
    {
        "date": "1579365651", 
        "tid": "14387637", 
        "price": "120193000", 
        "type": "sell", 
        "amount": "0.00244109"
    }, 
    {
        "date": "1579365651", 
        "tid": "14387636", 
        "price": "120200000", 
        "type": "sell", 
        "amount": "0.00249584"
    }, 
    {
        "date": "1579365651", 
        "tid": "14387635", 
        "price": "120201000", 
        "type": "sell", 
        "amount": "0.00551836"
    }, 
    {
        "date": "1579365651", 
        "tid": "14387634", 
        "price": "120202000", 
        "type": "sell", 
        "amount": "0.00166386"
    }, 
    {
        "date": "1579365651", 
        "tid": "14387633", 
        "price": "120208000", 
        "type": "sell", 
        "amount": "0.00832308"
    }, 
    {
        "date": "1579365651", 
        "tid": "14387632", 
        "price": "120209000", 
        "type": "sell", 
        "amount": "0.00087754"
    }, 
    {
        "date": "1579365651", 
        "tid": "14387631", 
        "price": "120224000", 
        "type": "sell", 
        "amount": "0.01014331"
    }, 
    {
        "date": "1579365651", 
        "tid": "14387630", 
        "price": "120226000", 
        "type": "sell", 
        "amount": "0.01176302"
    }, 
    {
        "date": "1579365651", 
        "tid": "14387629", 
        "price": "120234000", 
        "type": "sell", 
        "amount": "0.00077959"
    }, 
    {
        "date": "1579365651", 
        "tid": "14387628", 
        "price": "120235000", 
        "type": "sell", 
        "amount": "0.03452564"
    }, 
    {
        "date": "1579365651", 
        "tid": "14387627", 
        "price": "120250000", 
        "type": "sell", 
        "amount": "0.00050471"
    }, 
    {
        "date": "1579365651", 
        "tid": "14387626", 
        "price": "120255000", 
        "type": "sell", 
        "amount": "0.00244107"
    }, 
    {
        "date": "1579365651", 
        "tid": "14387625", 
        "price": "120260000", 
        "type": "sell", 
        "amount": "0.02285021"
    }, 
    {
        "date": "1579365651", 
        "tid": "14387624", 
        "price": "120267000", 
        "type": "sell", 
        "amount": "0.00044033"
    }, 
    {
        "date": "1579365651", 
        "tid": "14387623", 
        "price": "120285000", 
        "type": "sell", 
        "amount": "0.00244109"
    }, 
    {
        "date": "1579365651", 
        "tid": "14387622", 
        "price": "120300000", 
        "type": "sell", 
        "amount": "0.00266251"
    }, 
    {
        "date": "1579365651", 
        "tid": "14387621", 
        "price": "120301000", 
        "type": "sell", 
        "amount": "0.01417386"
    }, 
    {
        "date": "1579365651", 
        "tid": "14387620", 
        "price": "120310000", 
        "type": "sell", 
        "amount": "0.00073139"
    }, 
    {
        "date": "1579365651", 
        "tid": "14387619", 
        "price": "120316000", 
        "type": "sell", 
        "amount": "0.00244108"
    }, 
    {
        "date": "1579365651", 
        "tid": "14387618", 
        "price": "120319000", 
        "type": "sell", 
        "amount": "0.00077959"
    }, 
    {
        "date": "1579365651", 
        "tid": "14387617", 
        "price": "120330000", 
        "type": "sell", 
        "amount": "0.00074469"
    }, 
    {
        "date": "1579365651", 
        "tid": "14387616", 
        "price": "120346000", 
        "type": "sell", 
        "amount": "0.00244109"
    }, 
    {
        "date": "1579365651", 
        "tid": "14387615", 
        "price": "120351000", 
        "type": "sell", 
        "amount": "0.00067889"
    }, 
    {
        "date": "1579365651", 
        "tid": "14387614", 
        "price": "120370000", 
        "type": "sell", 
        "amount": "0.00256593"
    }, 
    {
        "date": "1579365651", 
        "tid": "14387613", 
        "price": "120377000", 
        "type": "sell", 
        "amount": "0.00244108"
    }, 
    {
        "date": "1579365651", 
        "tid": "14387612", 
        "price": "120380000", 
        "type": "sell", 
        "amount": "0.00893691"
    }, 
    {
        "date": "1579365651", 
        "tid": "14387611", 
        "price": "120392000", 
        "type": "sell", 
        "amount": "0.00056508"
    }, 
    {
        "date": "1579365651", 
        "tid": "14387610", 
        "price": "120400000", 
        "type": "sell", 
        "amount": "0.15901470"
    }, 
    {
        "date": "1579365651", 
        "tid": "14387609", 
        "price": "120404000", 
        "type": "sell", 
        "amount": "0.00077960"
    }, 
    {
        "date": "1579365651", 
        "tid": "14387608", 
        "price": "120408000", 
        "type": "sell", 
        "amount": "0.00244107"
    }, 
    {
        "date": "1579365651", 
        "tid": "14387607", 
        "price": "120414000", 
        "type": "sell", 
        "amount": "0.00833223"
    }, 
    {
        "date": "1579365651", 
        "tid": "14387606", 
        "price": "120420000", 
        "type": "sell", 
        "amount": "0.00200234"
    }, 
    {
        "date": "1579365651", 
        "tid": "14387605", 
        "price": "120421000", 
        "type": "sell", 
        "amount": "0.02934516"
    }, 
    {
        "date": "1579365436", 
        "tid": "14387604", 
        "price": "120420000", 
        "type": "sell", 
        "amount": "0.00190000"
    }, 
    {
        "date": "1579365288", 
        "tid": "14387603", 
        "price": "120415000", 
        "type": "buy", 
        "amount": "0.00422500"
    }, 
    {
        "date": "1579365176", 
        "tid": "14387602", 
        "price": "120415000", 
        "type": "buy", 
        "amount": "0.03622561"
    }, 
    {
        "date": "1579365144", 
        "tid": "14387601", 
        "price": "120415000", 
        "type": "buy", 
        "amount": "0.00243425"
    }, 
    {
        "date": "1579365143", 
        "tid": "14387600", 
        "price": "120415000", 
        "type": "buy", 
        "amount": "0.00243673"
    }, 
    {
        "date": "1579365142", 
        "tid": "14387599", 
        "price": "120415000", 
        "type": "buy", 
        "amount": "0.00243550"
    }, 
    {
        "date": "1579365142", 
        "tid": "14387598", 
        "price": "120415000", 
        "type": "buy", 
        "amount": "0.00243610"
    }, 
    {
        "date": "1579365141", 
        "tid": "14387597", 
        "price": "120415000", 
        "type": "buy", 
        "amount": "0.00243487"
    }, 
    {
        "date": "1579365139", 
        "tid": "14387596", 
        "price": "120400000", 
        "type": "sell", 
        "amount": "0.19572542"
    }, 
    {
        "date": "1579365139", 
        "tid": "14387595", 
        "price": "120401000", 
        "type": "sell", 
        "amount": "0.00027458"
    }, 
    {
        "date": "1579365139", 
        "tid": "14387594", 
        "price": "120415000", 
        "type": "buy", 
        "amount": "0.00077775"
    }, 
    {
        "date": "1579365128", 
        "tid": "14387593", 
        "price": "120421000", 
        "type": "sell", 
        "amount": "0.00830419"
    }, 
    {
        "date": "1579365126", 
        "tid": "14387592", 
        "price": "120620000", 
        "type": "buy", 
        "amount": "0.00296121"
    }, 
    {
        "date": "1579365126", 
        "tid": "14387591", 
        "price": "120619000", 
        "type": "buy", 
        "amount": "0.00095561"
    }, 
    {
        "date": "1579365126", 
        "tid": "14387590", 
        "price": "120591000", 
        "type": "buy", 
        "amount": "0.00244108"
    }, 
    {
        "date": "1579365126", 
        "tid": "14387589", 
        "price": "120577000", 
        "type": "buy", 
        "amount": "0.00612500"
    }, 
    {
        "date": "1579365126", 
        "tid": "14387588", 
        "price": "120574000", 
        "type": "buy", 
        "amount": "0.00077960"
    }, 
    {
        "date": "1579365126", 
        "tid": "14387587", 
        "price": "120561000", 
        "type": "buy", 
        "amount": "0.00244108"
    }, 
    {
        "date": "1579365126", 
        "tid": "14387586", 
        "price": "120530000", 
        "type": "buy", 
        "amount": "0.00244108"
    }, 
    {
        "date": "1579365126", 
        "tid": "14387585", 
        "price": "120500000", 
        "type": "buy", 
        "amount": "0.00244108"
    }, 
    {
        "date": "1579365126", 
        "tid": "14387584", 
        "price": "120489000", 
        "type": "buy", 
        "amount": "0.00077960"
    }, 
    {
        "date": "1579365126", 
        "tid": "14387583", 
        "price": "120469000", 
        "type": "buy", 
        "amount": "0.00244108"
    }, 
    {
        "date": "1579365126", 
        "tid": "14387582", 
        "price": "120438000", 
        "type": "buy", 
        "amount": "0.00244108"
    }, 
    {
        "date": "1579365126", 
        "tid": "14387581", 
        "price": "120422000", 
        "type": "buy", 
        "amount": "0.00684275"
    }, 
    {
        "date": "1579365112", 
        "tid": "14387580", 
        "price": "120401000", 
        "type": "sell", 
        "amount": "0.00222040"
    }, 
    {
        "date": "1579365112", 
        "tid": "14387579", 
        "price": "120404000", 
        "type": "sell", 
        "amount": "0.00077960"
    }, 
    {
        "date": "1579365107", 
        "tid": "14387578", 
        "price": "120408000", 
        "type": "sell", 
        "amount": "0.00244107"
    }, 
    {
        "date": "1579365102", 
        "tid": "14387577", 
        "price": "120420000", 
        "type": "sell", 
        "amount": "0.04541678"
    }, 
    {
        "date": "1579365096", 
        "tid": "14387576", 
        "price": "120421000", 
        "type": "sell", 
        "amount": "0.00415209"
    }, 
    {
        "date": "1579365091", 
        "tid": "14387575", 
        "price": "120422000", 
        "type": "sell", 
        "amount": "0.01006983"
    }, 
    {
        "date": "1579365091", 
        "tid": "14387574", 
        "price": "120428000", 
        "type": "sell", 
        "amount": "0.00049632"
    }, 
    {
        "date": "1579365076", 
        "tid": "14387573", 
        "price": "120438000", 
        "type": "sell", 
        "amount": "0.00244109"
    }, 
    {
        "date": "1579365064", 
        "tid": "14387572", 
        "price": "120468000", 
        "type": "sell", 
        "amount": "0.01660191"
    }, 
    {
        "date": "1579365059", 
        "tid": "14387571", 
        "price": "120469000", 
        "type": "sell", 
        "amount": "0.01218785"
    }, 
    {
        "date": "1579365052", 
        "tid": "14387570", 
        "price": "120469000", 
        "type": "sell", 
        "amount": "0.01974658"
    }, 
    {
        "date": "1579365052", 
        "tid": "14387569", 
        "price": "120470000", 
        "type": "sell", 
        "amount": "0.00095561"
    }, 
    {
        "date": "1579365045", 
        "tid": "14387568", 
        "price": "120489000", 
        "type": "sell", 
        "amount": "0.00077959"
    }, 
    {
        "date": "1579365045", 
        "tid": "14387567", 
        "price": "120500000", 
        "type": "sell", 
        "amount": "0.01041465"
    }, 
    {
        "date": "1579365045", 
        "tid": "14387566", 
        "price": "120512000", 
        "type": "sell", 
        "amount": "0.14650000"
    }, 
    {
        "date": "1579365045", 
        "tid": "14387565", 
        "price": "120530000", 
        "type": "sell", 
        "amount": "0.00244108"
    }, 
    {
        "date": "1579365045", 
        "tid": "14387564", 
        "price": "120561000", 
        "type": "sell", 
        "amount": "0.00244107"
    }, 
    {
        "date": "1579365045", 
        "tid": "14387563", 
        "price": "120565000", 
        "type": "sell", 
        "amount": "0.00074470"
    }, 
    {
        "date": "1579365031", 
        "tid": "14387562", 
        "price": "120572000", 
        "type": "buy", 
        "amount": "0.00069379"
    }, 
    {
        "date": "1579365024", 
        "tid": "14387561", 
        "price": "120573000", 
        "type": "buy", 
        "amount": "0.02662399"
    }
]