[
    {
        "date": "1579401285", 
        "tid": "14389461", 
        "price": "123785000", 
        "type": "buy", 
        "amount": "0.00914465"
    }, 
    {
        "date": "1579401270", 
        "tid": "14389460", 
        "price": "123785000", 
        "type": "buy", 
        "amount": "0.27384825"
    }, 
    {
        "date": "1579401248", 
        "tid": "14389459", 
        "price": "123789000", 
        "type": "buy", 
        "amount": "0.00205747"
    }, 
    {
        "date": "1579401241", 
        "tid": "14389458", 
        "price": "123798000", 
        "type": "buy", 
        "amount": "0.00203832"
    }, 
    {
        "date": "1579401230", 
        "tid": "14389457", 
        "price": "123800000", 
        "type": "buy", 
        "amount": "0.00805338"
    }, 
    {
        "date": "1579401220", 
        "tid": "14389456", 
        "price": "123801000", 
        "type": "buy", 
        "amount": "0.40266596"
    }, 
    {
        "date": "1579401218", 
        "tid": "14389455", 
        "price": "123783000", 
        "type": "sell", 
        "amount": "0.00669010"
    }, 
    {
        "date": "1579401218", 
        "tid": "14389454", 
        "price": "123792000", 
        "type": "sell", 
        "amount": "0.00165512"
    }, 
    {
        "date": "1579401218", 
        "tid": "14389453", 
        "price": "123800000", 
        "type": "sell", 
        "amount": "0.00167958"
    }, 
    {
        "date": "1579401203", 
        "tid": "14389452", 
        "price": "123783000", 
        "type": "sell", 
        "amount": "0.36214987"
    }, 
    {
        "date": "1579401203", 
        "tid": "14389451", 
        "price": "123784000", 
        "type": "sell", 
        "amount": "0.18395718"
    }, 
    {
        "date": "1579401203", 
        "tid": "14389450", 
        "price": "123808000", 
        "type": "sell", 
        "amount": "0.00077960"
    }, 
    {
        "date": "1579401177", 
        "tid": "14389449", 
        "price": "123783000", 
        "type": "sell", 
        "amount": "0.00467924"
    }, 
    {
        "date": "1579401177", 
        "tid": "14389448", 
        "price": "123900000", 
        "type": "buy", 
        "amount": "0.05116335"
    }, 
    {
        "date": "1579401177", 
        "tid": "14389447", 
        "price": "123899000", 
        "type": "buy", 
        "amount": "0.00083056"
    }, 
    {
        "date": "1579401177", 
        "tid": "14389446", 
        "price": "123893000", 
        "type": "buy", 
        "amount": "0.00077960"
    }, 
    {
        "date": "1579401177", 
        "tid": "14389445", 
        "price": "123891000", 
        "type": "buy", 
        "amount": "0.00103990"
    }, 
    {
        "date": "1579401177", 
        "tid": "14389444", 
        "price": "123888000", 
        "type": "buy", 
        "amount": "0.00162073"
    }, 
    {
        "date": "1579401177", 
        "tid": "14389443", 
        "price": "123885000", 
        "type": "buy", 
        "amount": "0.00092820"
    }, 
    {
        "date": "1579401177", 
        "tid": "14389442", 
        "price": "123883000", 
        "type": "buy", 
        "amount": "0.00115351"
    }, 
    {
        "date": "1579401177", 
        "tid": "14389441", 
        "price": "123880000", 
        "type": "buy", 
        "amount": "0.03206341"
    }, 
    {
        "date": "1579401177", 
        "tid": "14389440", 
        "price": "123877000", 
        "type": "buy", 
        "amount": "0.00246963"
    }, 
    {
        "date": "1579401177", 
        "tid": "14389439", 
        "price": "123866000", 
        "type": "buy", 
        "amount": "0.00074470"
    }, 
    {
        "date": "1579401177", 
        "tid": "14389438", 
        "price": "123862000", 
        "type": "buy", 
        "amount": "0.00074074"
    }, 
    {
        "date": "1579401177", 
        "tid": "14389437", 
        "price": "123860000", 
        "type": "buy", 
        "amount": "0.00067890"
    }, 
    {
        "date": "1579401177", 
        "tid": "14389436", 
        "price": "123859000", 
        "type": "buy", 
        "amount": "0.00041713"
    }, 
    {
        "date": "1579401177", 
        "tid": "14389435", 
        "price": "123848000", 
        "type": "buy", 
        "amount": "0.00256592"
    }, 
    {
        "date": "1579401177", 
        "tid": "14389434", 
        "price": "123842000", 
        "type": "buy", 
        "amount": "0.00054281"
    }, 
    {
        "date": "1579401177", 
        "tid": "14389433", 
        "price": "123839000", 
        "type": "buy", 
        "amount": "0.00094750"
    }, 
    {
        "date": "1579401177", 
        "tid": "14389432", 
        "price": "123822000", 
        "type": "buy", 
        "amount": "0.00100000"
    }, 
    {
        "date": "1579401177", 
        "tid": "14389431", 
        "price": "123808000", 
        "type": "buy", 
        "amount": "0.00077960"
    }, 
    {
        "date": "1579401177", 
        "tid": "14389430", 
        "price": "123800000", 
        "type": "buy", 
        "amount": "0.00083333"
    }, 
    {
        "date": "1579401177", 
        "tid": "14389429", 
        "price": "123795000", 
        "type": "buy", 
        "amount": "0.00057195"
    }, 
    {
        "date": "1579401177", 
        "tid": "14389428", 
        "price": "123785000", 
        "type": "buy", 
        "amount": "0.00403929"
    }, 
    {
        "date": "1579401177", 
        "tid": "14389427", 
        "price": "123784000", 
        "type": "buy", 
        "amount": "0.09536578"
    }, 
    {
        "date": "1579401175", 
        "tid": "14389426", 
        "price": "123784000", 
        "type": "buy", 
        "amount": "0.00805442"
    }, 
    {
        "date": "1579401121", 
        "tid": "14389425", 
        "price": "123784000", 
        "type": "buy", 
        "amount": "0.00080544"
    }, 
    {
        "date": "1579401098", 
        "tid": "14389424", 
        "price": "123784000", 
        "type": "buy", 
        "amount": "0.00684626"
    }, 
    {
        "date": "1579401094", 
        "tid": "14389423", 
        "price": "123784000", 
        "type": "buy", 
        "amount": "0.01448009"
    }, 
    {
        "date": "1579401057", 
        "tid": "14389422", 
        "price": "123784000", 
        "type": "buy", 
        "amount": "0.03302314"
    }, 
    {
        "date": "1579401055", 
        "tid": "14389421", 
        "price": "123784000", 
        "type": "buy", 
        "amount": "0.00101444"
    }, 
    {
        "date": "1579401055", 
        "tid": "14389420", 
        "price": "123784000", 
        "type": "buy", 
        "amount": "0.01033434"
    }, 
    {
        "date": "1579401054", 
        "tid": "14389419", 
        "price": "123784000", 
        "type": "buy", 
        "amount": "0.00128871"
    }, 
    {
        "date": "1579401054", 
        "tid": "14389418", 
        "price": "123784000", 
        "type": "buy", 
        "amount": "0.00852856"
    }, 
    {
        "date": "1579401028", 
        "tid": "14389417", 
        "price": "123784000", 
        "type": "buy", 
        "amount": "0.00071686"
    }, 
    {
        "date": "1579401026", 
        "tid": "14389416", 
        "price": "123783000", 
        "type": "sell", 
        "amount": "0.00114750"
    }, 
    {
        "date": "1579401007", 
        "tid": "14389415", 
        "price": "123783000", 
        "type": "sell", 
        "amount": "0.00268199"
    }, 
    {
        "date": "1579400983", 
        "tid": "14389414", 
        "price": "123783000", 
        "type": "sell", 
        "amount": "0.01642126"
    }, 
    {
        "date": "1579400966", 
        "tid": "14389413", 
        "price": "123784000", 
        "type": "buy", 
        "amount": "0.00465756"
    }, 
    {
        "date": "1579400964", 
        "tid": "14389412", 
        "price": "123784000", 
        "type": "buy", 
        "amount": "0.00041078"
    }, 
    {
        "date": "1579400952", 
        "tid": "14389411", 
        "price": "123784000", 
        "type": "buy", 
        "amount": "0.00989731"
    }, 
    {
        "date": "1579400927", 
        "tid": "14389410", 
        "price": "123784000", 
        "type": "buy", 
        "amount": "0.00077993"
    }, 
    {
        "date": "1579400927", 
        "tid": "14389409", 
        "price": "123784000", 
        "type": "buy", 
        "amount": "0.00064435"
    }, 
    {
        "date": "1579400922", 
        "tid": "14389408", 
        "price": "123784000", 
        "type": "buy", 
        "amount": "0.03085552"
    }, 
    {
        "date": "1579400922", 
        "tid": "14389407", 
        "price": "123783000", 
        "type": "buy", 
        "amount": "0.00984833"
    }, 
    {
        "date": "1579400922", 
        "tid": "14389406", 
        "price": "123780000", 
        "type": "buy", 
        "amount": "0.06779099"
    }, 
    {
        "date": "1579400921", 
        "tid": "14389405", 
        "price": "123738000", 
        "type": "sell", 
        "amount": "0.00762991"
    }, 
    {
        "date": "1579400917", 
        "tid": "14389404", 
        "price": "123780000", 
        "type": "buy", 
        "amount": "0.00080546"
    }, 
    {
        "date": "1579400908", 
        "tid": "14389403", 
        "price": "123783000", 
        "type": "sell", 
        "amount": "0.13523288"
    }, 
    {
        "date": "1579400880", 
        "tid": "14389402", 
        "price": "123784000", 
        "type": "buy", 
        "amount": "0.00370998"
    }, 
    {
        "date": "1579400834", 
        "tid": "14389401", 
        "price": "123784000", 
        "type": "buy", 
        "amount": "0.00315348"
    }, 
    {
        "date": "1579400806", 
        "tid": "14389400", 
        "price": "123784000", 
        "type": "buy", 
        "amount": "0.02007380"
    }, 
    {
        "date": "1579400789", 
        "tid": "14389399", 
        "price": "123784000", 
        "type": "buy", 
        "amount": "0.00111193"
    }, 
    {
        "date": "1579400789", 
        "tid": "14389398", 
        "price": "123784000", 
        "type": "buy", 
        "amount": "0.00111396"
    }, 
    {
        "date": "1579400788", 
        "tid": "14389397", 
        "price": "123784000", 
        "type": "buy", 
        "amount": "0.00111599"
    }, 
    {
        "date": "1579400787", 
        "tid": "14389396", 
        "price": "123784000", 
        "type": "buy", 
        "amount": "0.00111801"
    }, 
    {
        "date": "1579400787", 
        "tid": "14389395", 
        "price": "123784000", 
        "type": "buy", 
        "amount": "0.00112004"
    }, 
    {
        "date": "1579400786", 
        "tid": "14389394", 
        "price": "123784000", 
        "type": "buy", 
        "amount": "0.00112207"
    }, 
    {
        "date": "1579400785", 
        "tid": "14389393", 
        "price": "123784000", 
        "type": "buy", 
        "amount": "0.00112410"
    }, 
    {
        "date": "1579400785", 
        "tid": "14389392", 
        "price": "123784000", 
        "type": "buy", 
        "amount": "0.00112613"
    }, 
    {
        "date": "1579400773", 
        "tid": "14389391", 
        "price": "123784000", 
        "type": "buy", 
        "amount": "0.01433402"
    }, 
    {
        "date": "1579400773", 
        "tid": "14389390", 
        "price": "123784000", 
        "type": "buy", 
        "amount": "0.00112816"
    }, 
    {
        "date": "1579400772", 
        "tid": "14389389", 
        "price": "123784000", 
        "type": "buy", 
        "amount": "0.00113019"
    }, 
    {
        "date": "1579400771", 
        "tid": "14389388", 
        "price": "123784000", 
        "type": "buy", 
        "amount": "0.00113222"
    }, 
    {
        "date": "1579400771", 
        "tid": "14389387", 
        "price": "123784000", 
        "type": "buy", 
        "amount": "0.00113425"
    }, 
    {
        "date": "1579400770", 
        "tid": "14389386", 
        "price": "123784000", 
        "type": "buy", 
        "amount": "0.00113628"
    }, 
    {
        "date": "1579400769", 
        "tid": "14389385", 
        "price": "123784000", 
        "type": "buy", 
        "amount": "0.00113831"
    }, 
    {
        "date": "1579400769", 
        "tid": "14389384", 
        "price": "123784000", 
        "type": "buy", 
        "amount": "0.00114033"
    }, 
    {
        "date": "1579400768", 
        "tid": "14389383", 
        "price": "123784000", 
        "type": "buy", 
        "amount": "0.00093960"
    }, 
    {
        "date": "1579400756", 
        "tid": "14389382", 
        "price": "123784000", 
        "type": "buy", 
        "amount": "0.00805442"
    }, 
    {
        "date": "1579400745", 
        "tid": "14389381", 
        "price": "123644000", 
        "type": "buy", 
        "amount": "0.00057195"
    }, 
    {
        "date": "1579400741", 
        "tid": "14389380", 
        "price": "123644000", 
        "type": "sell", 
        "amount": "0.00079417"
    }, 
    {
        "date": "1579400721", 
        "tid": "14389379", 
        "price": "123784000", 
        "type": "buy", 
        "amount": "0.00402720"
    }, 
    {
        "date": "1579400704", 
        "tid": "14389378", 
        "price": "123784000", 
        "type": "buy", 
        "amount": "0.00067028"
    }, 
    {
        "date": "1579400703", 
        "tid": "14389377", 
        "price": "123784000", 
        "type": "buy", 
        "amount": "0.00265796"
    }, 
    {
        "date": "1579400702", 
        "tid": "14389376", 
        "price": "123784000", 
        "type": "buy", 
        "amount": "0.00041078"
    }, 
    {
        "date": "1579400672", 
        "tid": "14389375", 
        "price": "123784000", 
        "type": "buy", 
        "amount": "0.02597575"
    }, 
    {
        "date": "1579400670", 
        "tid": "14389374", 
        "price": "123784000", 
        "type": "buy", 
        "amount": "0.16062026"
    }, 
    {
        "date": "1579400665", 
        "tid": "14389373", 
        "price": "123784000", 
        "type": "buy", 
        "amount": "0.00243020"
    }, 
    {
        "date": "1579400653", 
        "tid": "14389372", 
        "price": "123639000", 
        "type": "sell", 
        "amount": "0.13016270"
    }, 
    {
        "date": "1579400653", 
        "tid": "14389371", 
        "price": "123784000", 
        "type": "buy", 
        "amount": "0.00160851"
    }, 
    {
        "date": "1579400634", 
        "tid": "14389370", 
        "price": "123784000", 
        "type": "buy", 
        "amount": "0.93032423"
    }, 
    {
        "date": "1579400634", 
        "tid": "14389369", 
        "price": "123780000", 
        "type": "buy", 
        "amount": "0.00471997"
    }, 
    {
        "date": "1579400634", 
        "tid": "14389368", 
        "price": "123779000", 
        "type": "buy", 
        "amount": "0.18481621"
    }, 
    {
        "date": "1579400634", 
        "tid": "14389367", 
        "price": "123775000", 
        "type": "buy", 
        "amount": "0.02767235"
    }, 
    {
        "date": "1579400634", 
        "tid": "14389366", 
        "price": "123750000", 
        "type": "buy", 
        "amount": "0.00498726"
    }, 
    {
        "date": "1579400634", 
        "tid": "14389365", 
        "price": "123733000", 
        "type": "buy", 
        "amount": "0.00161930"
    }, 
    {
        "date": "1579400634", 
        "tid": "14389364", 
        "price": "123723000", 
        "type": "buy", 
        "amount": "0.00077960"
    }, 
    {
        "date": "1579400634", 
        "tid": "14389363", 
        "price": "123711000", 
        "type": "buy", 
        "amount": "0.00081896"
    }, 
    {
        "date": "1579400634", 
        "tid": "14389362", 
        "price": "123702000", 
        "type": "buy", 
        "amount": "0.00240545"
    }, 
    {
        "date": "1579400634", 
        "tid": "14389361", 
        "price": "123700000", 
        "type": "buy", 
        "amount": "0.06822819"
    }, 
    {
        "date": "1579400634", 
        "tid": "14389360", 
        "price": "123688000", 
        "type": "buy", 
        "amount": "0.02912978"
    }, 
    {
        "date": "1579400634", 
        "tid": "14389359", 
        "price": "123678000", 
        "type": "buy", 
        "amount": "0.00084333"
    }, 
    {
        "date": "1579400634", 
        "tid": "14389358", 
        "price": "123670000", 
        "type": "buy", 
        "amount": "0.00053671"
    }, 
    {
        "date": "1579400634", 
        "tid": "14389357", 
        "price": "123662000", 
        "type": "buy", 
        "amount": "0.00760695"
    }, 
    {
        "date": "1579400634", 
        "tid": "14389356", 
        "price": "123649000", 
        "type": "buy", 
        "amount": "0.00781599"
    }, 
    {
        "date": "1579400634", 
        "tid": "14389355", 
        "price": "123638000", 
        "type": "buy", 
        "amount": "0.00534164"
    }, 
    {
        "date": "1579400620", 
        "tid": "14389354", 
        "price": "123630000", 
        "type": "buy", 
        "amount": "0.00074470"
    }, 
    {
        "date": "1579400587", 
        "tid": "14389353", 
        "price": "123622000", 
        "type": "sell", 
        "amount": "0.08800000"
    }, 
    {
        "date": "1579400569", 
        "tid": "14389352", 
        "price": "123622000", 
        "type": "sell", 
        "amount": "0.00045515"
    }, 
    {
        "date": "1579400566", 
        "tid": "14389351", 
        "price": "123622000", 
        "type": "buy", 
        "amount": "0.00384367"
    }, 
    {
        "date": "1579400547", 
        "tid": "14389350", 
        "price": "123599000", 
        "type": "sell", 
        "amount": "0.00045672"
    }, 
    {
        "date": "1579400543", 
        "tid": "14389349", 
        "price": "123622000", 
        "type": "buy", 
        "amount": "0.00039060"
    }, 
    {
        "date": "1579400543", 
        "tid": "14389348", 
        "price": "123603000", 
        "type": "buy", 
        "amount": "0.00002073"
    }, 
    {
        "date": "1579400536", 
        "tid": "14389347", 
        "price": "123599000", 
        "type": "sell", 
        "amount": "0.03216590"
    }, 
    {
        "date": "1579400534", 
        "tid": "14389346", 
        "price": "123603000", 
        "type": "buy", 
        "amount": "0.00050570"
    }, 
    {
        "date": "1579400524", 
        "tid": "14389345", 
        "price": "123599000", 
        "type": "buy", 
        "amount": "0.26368049"
    }, 
    {
        "date": "1579400524", 
        "tid": "14389344", 
        "price": "123577000", 
        "type": "buy", 
        "amount": "0.02063506"
    }, 
    {
        "date": "1579400524", 
        "tid": "14389343", 
        "price": "123571000", 
        "type": "buy", 
        "amount": "0.00246508"
    }, 
    {
        "date": "1579400524", 
        "tid": "14389342", 
        "price": "123557000", 
        "type": "buy", 
        "amount": "0.00044034"
    }, 
    {
        "date": "1579400524", 
        "tid": "14389341", 
        "price": "123553000", 
        "type": "buy", 
        "amount": "0.00077960"
    }, 
    {
        "date": "1579400524", 
        "tid": "14389340", 
        "price": "123550000", 
        "type": "buy", 
        "amount": "0.00026082"
    }, 
    {
        "date": "1579400521", 
        "tid": "14389339", 
        "price": "123550000", 
        "type": "buy", 
        "amount": "0.01495513"
    }, 
    {
        "date": "1579400509", 
        "tid": "14389338", 
        "price": "123550000", 
        "type": "buy", 
        "amount": "0.00131942"
    }, 
    {
        "date": "1579400509", 
        "tid": "14389337", 
        "price": "123544000", 
        "type": "buy", 
        "amount": "0.00049780"
    }, 
    {
        "date": "1579400509", 
        "tid": "14389336", 
        "price": "123541000", 
        "type": "buy", 
        "amount": "0.00067890"
    }, 
    {
        "date": "1579400509", 
        "tid": "14389335", 
        "price": "123531000", 
        "type": "buy", 
        "amount": "0.00180273"
    }, 
    {
        "date": "1579400509", 
        "tid": "14389334", 
        "price": "123501000", 
        "type": "buy", 
        "amount": "0.00048656"
    }, 
    {
        "date": "1579400494", 
        "tid": "14389333", 
        "price": "123500000", 
        "type": "sell", 
        "amount": "0.05000000"
    }, 
    {
        "date": "1579400452", 
        "tid": "14389332", 
        "price": "123501000", 
        "type": "buy", 
        "amount": "0.00199402"
    }, 
    {
        "date": "1579400449", 
        "tid": "14389331", 
        "price": "123500000", 
        "type": "buy", 
        "amount": "0.00009898"
    }, 
    {
        "date": "1579400448", 
        "tid": "14389330", 
        "price": "123500000", 
        "type": "buy", 
        "amount": "0.00697906"
    }, 
    {
        "date": "1579400389", 
        "tid": "14389329", 
        "price": "123499000", 
        "type": "sell", 
        "amount": "0.00434975"
    }, 
    {
        "date": "1579400379", 
        "tid": "14389328", 
        "price": "123500000", 
        "type": "buy", 
        "amount": "0.16145894"
    }, 
    {
        "date": "1579400369", 
        "tid": "14389327", 
        "price": "123500000", 
        "type": "buy", 
        "amount": "0.04537259"
    }, 
    {
        "date": "1579400324", 
        "tid": "14389326", 
        "price": "123500000", 
        "type": "buy", 
        "amount": "0.01614589"
    }, 
    {
        "date": "1579400321", 
        "tid": "14389325", 
        "price": "123499000", 
        "type": "sell", 
        "amount": "0.00307431"
    }, 
    {
        "date": "1579400318", 
        "tid": "14389324", 
        "price": "123500000", 
        "type": "buy", 
        "amount": "0.00239173"
    }, 
    {
        "date": "1579400272", 
        "tid": "14389323", 
        "price": "123500000", 
        "type": "buy", 
        "amount": "0.00118910"
    }, 
    {
        "date": "1579400271", 
        "tid": "14389322", 
        "price": "123500000", 
        "type": "buy", 
        "amount": "0.00718349"
    }, 
    {
        "date": "1579400261", 
        "tid": "14389321", 
        "price": "123500000", 
        "type": "buy", 
        "amount": "0.00183765"
    }, 
    {
        "date": "1579400252", 
        "tid": "14389320", 
        "price": "123500000", 
        "type": "buy", 
        "amount": "0.00622570"
    }, 
    {
        "date": "1579400244", 
        "tid": "14389319", 
        "price": "123500000", 
        "type": "buy", 
        "amount": "0.00718350"
    }, 
    {
        "date": "1579400241", 
        "tid": "14389318", 
        "price": "123500000", 
        "type": "buy", 
        "amount": "0.00068774"
    }, 
    {
        "date": "1579400211", 
        "tid": "14389317", 
        "price": "123431000", 
        "type": "sell", 
        "amount": "0.00114565"
    }, 
    {
        "date": "1579400211", 
        "tid": "14389316", 
        "price": "123499000", 
        "type": "sell", 
        "amount": "0.04858338"
    }, 
    {
        "date": "1579400203", 
        "tid": "14389315", 
        "price": "123500000", 
        "type": "buy", 
        "amount": "0.01522178"
    }, 
    {
        "date": "1579400195", 
        "tid": "14389314", 
        "price": "123500000", 
        "type": "buy", 
        "amount": "0.03353841"
    }, 
    {
        "date": "1579400176", 
        "tid": "14389313", 
        "price": "123500000", 
        "type": "buy", 
        "amount": "2.19235685"
    }, 
    {
        "date": "1579400158", 
        "tid": "14389312", 
        "price": "123500000", 
        "type": "buy", 
        "amount": "0.00165021"
    }
]