[
    {
        "date": "1579311842", 
        "tid": "14385037", 
        "price": "120900000", 
        "type": "sell", 
        "amount": "0.12271389"
    }, 
    {
        "date": "1579311820", 
        "tid": "14385036", 
        "price": "120999000", 
        "type": "buy", 
        "amount": "0.00411991"
    }, 
    {
        "date": "1579311820", 
        "tid": "14385035", 
        "price": "120999000", 
        "type": "sell", 
        "amount": "0.72266222"
    }, 
    {
        "date": "1579311816", 
        "tid": "14385034", 
        "price": "121000000", 
        "type": "sell", 
        "amount": "0.02620899"
    }, 
    {
        "date": "1579311808", 
        "tid": "14385033", 
        "price": "121020000", 
        "type": "sell", 
        "amount": "0.07354472"
    }, 
    {
        "date": "1579311800", 
        "tid": "14385032", 
        "price": "121037000", 
        "type": "sell", 
        "amount": "0.00074469"
    }, 
    {
        "date": "1579311793", 
        "tid": "14385031", 
        "price": "121045000", 
        "type": "sell", 
        "amount": "0.09546733"
    }, 
    {
        "date": "1579311787", 
        "tid": "14385030", 
        "price": "121046000", 
        "type": "buy", 
        "amount": "0.09902180"
    }, 
    {
        "date": "1579311785", 
        "tid": "14385029", 
        "price": "121069000", 
        "type": "sell", 
        "amount": "0.00112199"
    }, 
    {
        "date": "1579311776", 
        "tid": "14385028", 
        "price": "121100000", 
        "type": "sell", 
        "amount": "0.02143291"
    }, 
    {
        "date": "1579311773", 
        "tid": "14385027", 
        "price": "121100000", 
        "type": "sell", 
        "amount": "0.00334000"
    }, 
    {
        "date": "1579311770", 
        "tid": "14385026", 
        "price": "121124000", 
        "type": "buy", 
        "amount": "0.11036889"
    }, 
    {
        "date": "1579311766", 
        "tid": "14385025", 
        "price": "121124000", 
        "type": "sell", 
        "amount": "0.04011814"
    }, 
    {
        "date": "1579311739", 
        "tid": "14385024", 
        "price": "121124000", 
        "type": "sell", 
        "amount": "0.00116187"
    }, 
    {
        "date": "1579311739", 
        "tid": "14385023", 
        "price": "121125000", 
        "type": "sell", 
        "amount": "0.03610435"
    }, 
    {
        "date": "1579311739", 
        "tid": "14385022", 
        "price": "121142000", 
        "type": "sell", 
        "amount": "0.00373030"
    }, 
    {
        "date": "1579311650", 
        "tid": "14385021", 
        "price": "121145000", 
        "type": "buy", 
        "amount": "0.00224058"
    }, 
    {
        "date": "1579311507", 
        "tid": "14385020", 
        "price": "121125000", 
        "type": "sell", 
        "amount": "0.02887281"
    }, 
    {
        "date": "1579311507", 
        "tid": "14385019", 
        "price": "121144000", 
        "type": "sell", 
        "amount": "0.10769999"
    }, 
    {
        "date": "1579311492", 
        "tid": "14385018", 
        "price": "121145000", 
        "type": "sell", 
        "amount": "0.01759422"
    }, 
    {
        "date": "1579311492", 
        "tid": "14385017", 
        "price": "121200000", 
        "type": "sell", 
        "amount": "0.02475247"
    }, 
    {
        "date": "1579311464", 
        "tid": "14385016", 
        "price": "121294000", 
        "type": "buy", 
        "amount": "0.00634188"
    }, 
    {
        "date": "1579311417", 
        "tid": "14385015", 
        "price": "121294000", 
        "type": "buy", 
        "amount": "0.00809647"
    }, 
    {
        "date": "1579311376", 
        "tid": "14385014", 
        "price": "121123000", 
        "type": "sell", 
        "amount": "0.00060884"
    }, 
    {
        "date": "1579311376", 
        "tid": "14385013", 
        "price": "121294000", 
        "type": "buy", 
        "amount": "0.00082199"
    }, 
    {
        "date": "1579311308", 
        "tid": "14385012", 
        "price": "121294000", 
        "type": "buy", 
        "amount": "0.00082197"
    }, 
    {
        "date": "1579311267", 
        "tid": "14385011", 
        "price": "121278000", 
        "type": "buy", 
        "amount": "0.13666204"
    }, 
    {
        "date": "1579311267", 
        "tid": "14385010", 
        "price": "121277000", 
        "type": "buy", 
        "amount": "0.12398634"
    }, 
    {
        "date": "1579311267", 
        "tid": "14385009", 
        "price": "121272000", 
        "type": "buy", 
        "amount": "0.00074470"
    }, 
    {
        "date": "1579311267", 
        "tid": "14385008", 
        "price": "121250000", 
        "type": "buy", 
        "amount": "0.00050472"
    }, 
    {
        "date": "1579311267", 
        "tid": "14385007", 
        "price": "121230000", 
        "type": "buy", 
        "amount": "0.00098563"
    }, 
    {
        "date": "1579311267", 
        "tid": "14385006", 
        "price": "121224000", 
        "type": "buy", 
        "amount": "0.00244472"
    }, 
    {
        "date": "1579311267", 
        "tid": "14385005", 
        "price": "121170000", 
        "type": "buy", 
        "amount": "0.08229710"
    }, 
    {
        "date": "1579311267", 
        "tid": "14385004", 
        "price": "121165000", 
        "type": "buy", 
        "amount": "0.00041493"
    }, 
    {
        "date": "1579311267", 
        "tid": "14385003", 
        "price": "121160000", 
        "type": "buy", 
        "amount": "0.05814200"
    }, 
    {
        "date": "1579311267", 
        "tid": "14385002", 
        "price": "121123000", 
        "type": "buy", 
        "amount": "0.00500000"
    }, 
    {
        "date": "1579311221", 
        "tid": "14385001", 
        "price": "121122000", 
        "type": "sell", 
        "amount": "0.00234300"
    }, 
    {
        "date": "1579311209", 
        "tid": "14385000", 
        "price": "121122000", 
        "type": "sell", 
        "amount": "0.00153469"
    }, 
    {
        "date": "1579311202", 
        "tid": "14384999", 
        "price": "121160000", 
        "type": "buy", 
        "amount": "0.00822885"
    }, 
    {
        "date": "1579311126", 
        "tid": "14384998", 
        "price": "121123000", 
        "type": "sell", 
        "amount": "0.00273143"
    }, 
    {
        "date": "1579311112", 
        "tid": "14384997", 
        "price": "121123000", 
        "type": "sell", 
        "amount": "0.06293420"
    }, 
    {
        "date": "1579311105", 
        "tid": "14384996", 
        "price": "121160000", 
        "type": "buy", 
        "amount": "0.00922526"
    }, 
    {
        "date": "1579311105", 
        "tid": "14384995", 
        "price": "121159000", 
        "type": "buy", 
        "amount": "0.02114767"
    }, 
    {
        "date": "1579311060", 
        "tid": "14384994", 
        "price": "121000000", 
        "type": "sell", 
        "amount": "0.00844662"
    }, 
    {
        "date": "1579311060", 
        "tid": "14384993", 
        "price": "121007000", 
        "type": "sell", 
        "amount": "0.00320340"
    }, 
    {
        "date": "1579311060", 
        "tid": "14384992", 
        "price": "121008000", 
        "type": "sell", 
        "amount": "0.00300303"
    }, 
    {
        "date": "1579311060", 
        "tid": "14384991", 
        "price": "121009000", 
        "type": "sell", 
        "amount": "0.00171600"
    }, 
    {
        "date": "1579311060", 
        "tid": "14384990", 
        "price": "121104000", 
        "type": "sell", 
        "amount": "0.07539999"
    }, 
    {
        "date": "1579311060", 
        "tid": "14384989", 
        "price": "121157000", 
        "type": "sell", 
        "amount": "0.04804096"
    }, 
    {
        "date": "1579310988", 
        "tid": "14384988", 
        "price": "121000000", 
        "type": "sell", 
        "amount": "0.02300928"
    }, 
    {
        "date": "1579310969", 
        "tid": "14384987", 
        "price": "121000000", 
        "type": "sell", 
        "amount": "0.00605729"
    }, 
    {
        "date": "1579310967", 
        "tid": "14384986", 
        "price": "121000000", 
        "type": "sell", 
        "amount": "0.01165318"
    }, 
    {
        "date": "1579310960", 
        "tid": "14384985", 
        "price": "121000000", 
        "type": "sell", 
        "amount": "0.01013667"
    }, 
    {
        "date": "1579310940", 
        "tid": "14384984", 
        "price": "121000000", 
        "type": "sell", 
        "amount": "0.00832319"
    }, 
    {
        "date": "1579310940", 
        "tid": "14384983", 
        "price": "121055000", 
        "type": "sell", 
        "amount": "0.00637928"
    }, 
    {
        "date": "1579310940", 
        "tid": "14384982", 
        "price": "121158000", 
        "type": "sell", 
        "amount": "0.02284530"
    }, 
    {
        "date": "1579310933", 
        "tid": "14384981", 
        "price": "121158000", 
        "type": "sell", 
        "amount": "0.01721642"
    }, 
    {
        "date": "1579310925", 
        "tid": "14384980", 
        "price": "121158000", 
        "type": "sell", 
        "amount": "0.03028815"
    }, 
    {
        "date": "1579310908", 
        "tid": "14384979", 
        "price": "121158000", 
        "type": "sell", 
        "amount": "0.02532108"
    }, 
    {
        "date": "1579310900", 
        "tid": "14384978", 
        "price": "121158000", 
        "type": "sell", 
        "amount": "0.01498755"
    }, 
    {
        "date": "1579310878", 
        "tid": "14384977", 
        "price": "121158000", 
        "type": "sell", 
        "amount": "0.00749377"
    }, 
    {
        "date": "1579310839", 
        "tid": "14384976", 
        "price": "121158000", 
        "type": "sell", 
        "amount": "0.01637806"
    }, 
    {
        "date": "1579310719", 
        "tid": "14384975", 
        "price": "121158000", 
        "type": "sell", 
        "amount": "0.00050040"
    }, 
    {
        "date": "1579310706", 
        "tid": "14384974", 
        "price": "121158000", 
        "type": "sell", 
        "amount": "0.01000000"
    }, 
    {
        "date": "1579310559", 
        "tid": "14384973", 
        "price": "121159000", 
        "type": "buy", 
        "amount": "0.00822893"
    }, 
    {
        "date": "1579310494", 
        "tid": "14384972", 
        "price": "121165000", 
        "type": "buy", 
        "amount": "0.01602707"
    }, 
    {
        "date": "1579310494", 
        "tid": "14384971", 
        "price": "121159000", 
        "type": "buy", 
        "amount": "0.00649524"
    }, 
    {
        "date": "1579310431", 
        "tid": "14384970", 
        "price": "121158000", 
        "type": "sell", 
        "amount": "0.00031973"
    }, 
    {
        "date": "1579310431", 
        "tid": "14384969", 
        "price": "121165000", 
        "type": "sell", 
        "amount": "0.00047361"
    }, 
    {
        "date": "1579310369", 
        "tid": "14384968", 
        "price": "121165000", 
        "type": "sell", 
        "amount": "0.00690693"
    }, 
    {
        "date": "1579310369", 
        "tid": "14384967", 
        "price": "121166000", 
        "type": "sell", 
        "amount": "0.00083842"
    }, 
    {
        "date": "1579310366", 
        "tid": "14384966", 
        "price": "121170000", 
        "type": "buy", 
        "amount": "0.08228183"
    }, 
    {
        "date": "1579310352", 
        "tid": "14384965", 
        "price": "121165000", 
        "type": "buy", 
        "amount": "0.00835350"
    }, 
    {
        "date": "1579310334", 
        "tid": "14384964", 
        "price": "121166000", 
        "type": "buy", 
        "amount": "0.00348722"
    }, 
    {
        "date": "1579310319", 
        "tid": "14384963", 
        "price": "121166000", 
        "type": "sell", 
        "amount": "0.15000000"
    }, 
    {
        "date": "1579310318", 
        "tid": "14384962", 
        "price": "121169000", 
        "type": "buy", 
        "amount": "0.00050438"
    }, 
    {
        "date": "1579310317", 
        "tid": "14384961", 
        "price": "121168000", 
        "type": "buy", 
        "amount": "0.82283191"
    }, 
    {
        "date": "1579310316", 
        "tid": "14384960", 
        "price": "121168000", 
        "type": "buy", 
        "amount": "0.01679599"
    }, 
    {
        "date": "1579310313", 
        "tid": "14384959", 
        "price": "121170000", 
        "type": "buy", 
        "amount": "0.00172521"
    }, 
    {
        "date": "1579310313", 
        "tid": "14384958", 
        "price": "121169000", 
        "type": "buy", 
        "amount": "0.00000255"
    }, 
    {
        "date": "1579310279", 
        "tid": "14384957", 
        "price": "121169000", 
        "type": "buy", 
        "amount": "0.00084824"
    }, 
    {
        "date": "1579310240", 
        "tid": "14384956", 
        "price": "121166000", 
        "type": "sell", 
        "amount": "0.01692263"
    }, 
    {
        "date": "1579310239", 
        "tid": "14384955", 
        "price": "121000000", 
        "type": "buy", 
        "amount": "0.00041900"
    }, 
    {
        "date": "1579310237", 
        "tid": "14384954", 
        "price": "121166000", 
        "type": "buy", 
        "amount": "0.04725409"
    }, 
    {
        "date": "1579310237", 
        "tid": "14384953", 
        "price": "121165000", 
        "type": "buy", 
        "amount": "0.01214047"
    }, 
    {
        "date": "1579310237", 
        "tid": "14384952", 
        "price": "121164000", 
        "type": "buy", 
        "amount": "0.00278859"
    }, 
    {
        "date": "1579310237", 
        "tid": "14384951", 
        "price": "121163000", 
        "type": "buy", 
        "amount": "0.00214509"
    }, 
    {
        "date": "1579310237", 
        "tid": "14384950", 
        "price": "121162000", 
        "type": "buy", 
        "amount": "0.00150157"
    }, 
    {
        "date": "1579310237", 
        "tid": "14384949", 
        "price": "121161000", 
        "type": "buy", 
        "amount": "0.00085805"
    }, 
    {
        "date": "1579310237", 
        "tid": "14384948", 
        "price": "121115000", 
        "type": "buy", 
        "amount": "0.00256592"
    }, 
    {
        "date": "1579310237", 
        "tid": "14384947", 
        "price": "121109000", 
        "type": "buy", 
        "amount": "0.00048374"
    }, 
    {
        "date": "1579310237", 
        "tid": "14384946", 
        "price": "121069000", 
        "type": "buy", 
        "amount": "0.00112200"
    }, 
    {
        "date": "1579310237", 
        "tid": "14384945", 
        "price": "121037000", 
        "type": "buy", 
        "amount": "0.00074470"
    }, 
    {
        "date": "1579310237", 
        "tid": "14384944", 
        "price": "121020000", 
        "type": "buy", 
        "amount": "0.00244472"
    }, 
    {
        "date": "1579310237", 
        "tid": "14384943", 
        "price": "121000000", 
        "type": "buy", 
        "amount": "0.00001350"
    }, 
    {
        "date": "1579310189", 
        "tid": "14384942", 
        "price": "121000000", 
        "type": "buy", 
        "amount": "0.00042023"
    }, 
    {
        "date": "1579310180", 
        "tid": "14384941", 
        "price": "120999000", 
        "type": "sell", 
        "amount": "0.00434004"
    }, 
    {
        "date": "1579310152", 
        "tid": "14384940", 
        "price": "120999000", 
        "type": "sell", 
        "amount": "0.00192558"
    }, 
    {
        "date": "1579310132", 
        "tid": "14384939", 
        "price": "120999000", 
        "type": "sell", 
        "amount": "0.01302014"
    }, 
    {
        "date": "1579310123", 
        "tid": "14384938", 
        "price": "120999000", 
        "type": "sell", 
        "amount": "0.00723341"
    }, 
    {
        "date": "1579310117", 
        "tid": "14384937", 
        "price": "120999000", 
        "type": "buy", 
        "amount": "0.25419657"
    }, 
    {
        "date": "1579310083", 
        "tid": "14384936", 
        "price": "120728000", 
        "type": "sell", 
        "amount": "0.02884699"
    }, 
    {
        "date": "1579310065", 
        "tid": "14384935", 
        "price": "120665000", 
        "type": "sell", 
        "amount": "0.02884771"
    }, 
    {
        "date": "1579310060", 
        "tid": "14384934", 
        "price": "121000000", 
        "type": "buy", 
        "amount": "0.00007099"
    }, 
    {
        "date": "1579310060", 
        "tid": "14384933", 
        "price": "120989000", 
        "type": "buy", 
        "amount": "0.00067890"
    }, 
    {
        "date": "1579310050", 
        "tid": "14384932", 
        "price": "120662000", 
        "type": "sell", 
        "amount": "0.00095457"
    }, 
    {
        "date": "1579310050", 
        "tid": "14384931", 
        "price": "120663000", 
        "type": "sell", 
        "amount": "0.02789361"
    }, 
    {
        "date": "1579310008", 
        "tid": "14384930", 
        "price": "121166000", 
        "type": "buy", 
        "amount": "0.00164569"
    }, 
    {
        "date": "1579310002", 
        "tid": "14384929", 
        "price": "120650000", 
        "type": "sell", 
        "amount": "0.41133041"
    }, 
    {
        "date": "1579310002", 
        "tid": "14384928", 
        "price": "120651000", 
        "type": "sell", 
        "amount": "0.04125808"
    }, 
    {
        "date": "1579310002", 
        "tid": "14384927", 
        "price": "120670000", 
        "type": "sell", 
        "amount": "0.00067890"
    }, 
    {
        "date": "1579310002", 
        "tid": "14384926", 
        "price": "120685000", 
        "type": "sell", 
        "amount": "0.00082860"
    }, 
    {
        "date": "1579310002", 
        "tid": "14384925", 
        "price": "120686000", 
        "type": "sell", 
        "amount": "0.00315311"
    }, 
    {
        "date": "1579310002", 
        "tid": "14384924", 
        "price": "120690000", 
        "type": "sell", 
        "amount": "0.06325277"
    }, 
    {
        "date": "1579310002", 
        "tid": "14384923", 
        "price": "120750000", 
        "type": "sell", 
        "amount": "0.00050471"
    }, 
    {
        "date": "1579310002", 
        "tid": "14384922", 
        "price": "120795000", 
        "type": "sell", 
        "amount": "0.00202285"
    }, 
    {
        "date": "1579310002", 
        "tid": "14384921", 
        "price": "120801000", 
        "type": "sell", 
        "amount": "0.00074469"
    }, 
    {
        "date": "1579310002", 
        "tid": "14384920", 
        "price": "120802000", 
        "type": "sell", 
        "amount": "0.06449931"
    }, 
    {
        "date": "1579310002", 
        "tid": "14384919", 
        "price": "120803000", 
        "type": "sell", 
        "amount": "0.00696474"
    }, 
    {
        "date": "1579310002", 
        "tid": "14384918", 
        "price": "120804000", 
        "type": "sell", 
        "amount": "0.00094978"
    }, 
    {
        "date": "1579310002", 
        "tid": "14384917", 
        "price": "120816000", 
        "type": "sell", 
        "amount": "0.00244472"
    }, 
    {
        "date": "1579310002", 
        "tid": "14384916", 
        "price": "120817000", 
        "type": "sell", 
        "amount": "0.22909027"
    }, 
    {
        "date": "1579310002", 
        "tid": "14384915", 
        "price": "120843000", 
        "type": "sell", 
        "amount": "0.00112200"
    }, 
    {
        "date": "1579310002", 
        "tid": "14384914", 
        "price": "120867000", 
        "type": "sell", 
        "amount": "0.00256592"
    }, 
    {
        "date": "1579310002", 
        "tid": "14384913", 
        "price": "120900000", 
        "type": "sell", 
        "amount": "0.06955295"
    }, 
    {
        "date": "1579310002", 
        "tid": "14384912", 
        "price": "120911000", 
        "type": "sell", 
        "amount": "0.06371541"
    }, 
    {
        "date": "1579310002", 
        "tid": "14384911", 
        "price": "120953000", 
        "type": "sell", 
        "amount": "0.00152125"
    }, 
    {
        "date": "1579310002", 
        "tid": "14384910", 
        "price": "120989000", 
        "type": "sell", 
        "amount": "0.00067889"
    }, 
    {
        "date": "1579310002", 
        "tid": "14384909", 
        "price": "120998000", 
        "type": "sell", 
        "amount": "0.00044033"
    }, 
    {
        "date": "1579310002", 
        "tid": "14384908", 
        "price": "121000000", 
        "type": "sell", 
        "amount": "0.66316733"
    }, 
    {
        "date": "1579310002", 
        "tid": "14384907", 
        "price": "121001000", 
        "type": "sell", 
        "amount": "0.08486164"
    }, 
    {
        "date": "1579310002", 
        "tid": "14384906", 
        "price": "121005000", 
        "type": "sell", 
        "amount": "0.00344159"
    }, 
    {
        "date": "1579310002", 
        "tid": "14384905", 
        "price": "121020000", 
        "type": "sell", 
        "amount": "0.00244472"
    }, 
    {
        "date": "1579310002", 
        "tid": "14384904", 
        "price": "121036000", 
        "type": "sell", 
        "amount": "0.16179999"
    }, 
    {
        "date": "1579310002", 
        "tid": "14384903", 
        "price": "121037000", 
        "type": "sell", 
        "amount": "0.00074469"
    }, 
    {
        "date": "1579310002", 
        "tid": "14384902", 
        "price": "121054000", 
        "type": "sell", 
        "amount": "0.04130388"
    }, 
    {
        "date": "1579310002", 
        "tid": "14384901", 
        "price": "121055000", 
        "type": "sell", 
        "amount": "0.07491647"
    }, 
    {
        "date": "1579309888", 
        "tid": "14384900", 
        "price": "121055000", 
        "type": "sell", 
        "amount": "0.00010000"
    }, 
    {
        "date": "1579309884", 
        "tid": "14384899", 
        "price": "121055000", 
        "type": "sell", 
        "amount": "0.02044298"
    }, 
    {
        "date": "1579309867", 
        "tid": "14384898", 
        "price": "121069000", 
        "type": "sell", 
        "amount": "0.00112199"
    }, 
    {
        "date": "1579309860", 
        "tid": "14384897", 
        "price": "121079000", 
        "type": "sell", 
        "amount": "0.14260916"
    }, 
    {
        "date": "1579309848", 
        "tid": "14384896", 
        "price": "121079000", 
        "type": "sell", 
        "amount": "0.04019084"
    }, 
    {
        "date": "1579309843", 
        "tid": "14384895", 
        "price": "121099000", 
        "type": "sell", 
        "amount": "0.00280223"
    }, 
    {
        "date": "1579309825", 
        "tid": "14384894", 
        "price": "121115000", 
        "type": "buy", 
        "amount": "0.08231920"
    }, 
    {
        "date": "1579309824", 
        "tid": "14384893", 
        "price": "121115000", 
        "type": "sell", 
        "amount": "0.00256593"
    }, 
    {
        "date": "1579309820", 
        "tid": "14384892", 
        "price": "121116000", 
        "type": "buy", 
        "amount": "0.00082318"
    }, 
    {
        "date": "1579309815", 
        "tid": "14384891", 
        "price": "121131000", 
        "type": "sell", 
        "amount": "0.11459999"
    }, 
    {
        "date": "1579309786", 
        "tid": "14384890", 
        "price": "121139000", 
        "type": "sell", 
        "amount": "0.00113918"
    }, 
    {
        "date": "1579309771", 
        "tid": "14384889", 
        "price": "121220000", 
        "type": "sell", 
        "amount": "0.07424517"
    }, 
    {
        "date": "1579309770", 
        "tid": "14384888", 
        "price": "121221000", 
        "type": "buy", 
        "amount": "0.08224721"
    }
]