[
    {
        "date": "1579354314", 
        "tid": "14386958", 
        "price": "120836000", 
        "type": "buy", 
        "amount": "0.00055288"
    }, 
    {
        "date": "1579354302", 
        "tid": "14386957", 
        "price": "120836000", 
        "type": "buy", 
        "amount": "0.00412546"
    }, 
    {
        "date": "1579354290", 
        "tid": "14386956", 
        "price": "120836000", 
        "type": "buy", 
        "amount": "0.00043274"
    }, 
    {
        "date": "1579354285", 
        "tid": "14386955", 
        "price": "120834000", 
        "type": "buy", 
        "amount": "0.02040392"
    }, 
    {
        "date": "1579354285", 
        "tid": "14386954", 
        "price": "120786000", 
        "type": "buy", 
        "amount": "0.00000125"
    }, 
    {
        "date": "1579354283", 
        "tid": "14386953", 
        "price": "120786000", 
        "type": "buy", 
        "amount": "0.00041593"
    }, 
    {
        "date": "1579354182", 
        "tid": "14386952", 
        "price": "120830000", 
        "type": "buy", 
        "amount": "0.03386414"
    }, 
    {
        "date": "1579354182", 
        "tid": "14386951", 
        "price": "120829000", 
        "type": "buy", 
        "amount": "0.00077960"
    }, 
    {
        "date": "1579354182", 
        "tid": "14386950", 
        "price": "120820000", 
        "type": "buy", 
        "amount": "0.00418245"
    }, 
    {
        "date": "1579354182", 
        "tid": "14386949", 
        "price": "120806000", 
        "type": "buy", 
        "amount": "0.00244108"
    }, 
    {
        "date": "1579354182", 
        "tid": "14386948", 
        "price": "120801000", 
        "type": "buy", 
        "amount": "0.00074470"
    }, 
    {
        "date": "1579354182", 
        "tid": "14386947", 
        "price": "120800000", 
        "type": "buy", 
        "amount": "0.00648736"
    }, 
    {
        "date": "1579354182", 
        "tid": "14386946", 
        "price": "120799000", 
        "type": "buy", 
        "amount": "0.00418452"
    }, 
    {
        "date": "1579354182", 
        "tid": "14386945", 
        "price": "120775000", 
        "type": "buy", 
        "amount": "0.01746296"
    }, 
    {
        "date": "1579354174", 
        "tid": "14386944", 
        "price": "120775000", 
        "type": "buy", 
        "amount": "0.00058812"
    }, 
    {
        "date": "1579354134", 
        "tid": "14386943", 
        "price": "120774000", 
        "type": "sell", 
        "amount": "0.04140615"
    }, 
    {
        "date": "1579354039", 
        "tid": "14386942", 
        "price": "120755000", 
        "type": "buy", 
        "amount": "0.04529079"
    }, 
    {
        "date": "1579354004", 
        "tid": "14386941", 
        "price": "120750000", 
        "type": "buy", 
        "amount": "0.02368081"
    }, 
    {
        "date": "1579353979", 
        "tid": "14386940", 
        "price": "120750000", 
        "type": "buy", 
        "amount": "0.00181058"
    }, 
    {
        "date": "1579353950", 
        "tid": "14386939", 
        "price": "120745000", 
        "type": "sell", 
        "amount": "0.00523988"
    }, 
    {
        "date": "1579353936", 
        "tid": "14386938", 
        "price": "120744000", 
        "type": "buy", 
        "amount": "0.00315402"
    }, 
    {
        "date": "1579353922", 
        "tid": "14386937", 
        "price": "120744000", 
        "type": "buy", 
        "amount": "0.00178355"
    }, 
    {
        "date": "1579353904", 
        "tid": "14386936", 
        "price": "120744000", 
        "type": "buy", 
        "amount": "0.00108048"
    }, 
    {
        "date": "1579353904", 
        "tid": "14386935", 
        "price": "120714000", 
        "type": "buy", 
        "amount": "0.00293740"
    }, 
    {
        "date": "1579353904", 
        "tid": "14386934", 
        "price": "120711000", 
        "type": "buy", 
        "amount": "0.01703203"
    }, 
    {
        "date": "1579353904", 
        "tid": "14386933", 
        "price": "120702000", 
        "type": "buy", 
        "amount": "0.00171384"
    }, 
    {
        "date": "1579353855", 
        "tid": "14386932", 
        "price": "120695000", 
        "type": "sell", 
        "amount": "0.01800000"
    }, 
    {
        "date": "1579353852", 
        "tid": "14386931", 
        "price": "120695000", 
        "type": "buy", 
        "amount": "0.87190000"
    }, 
    {
        "date": "1579353852", 
        "tid": "14386930", 
        "price": "120683000", 
        "type": "buy", 
        "amount": "0.00244108"
    }, 
    {
        "date": "1579353852", 
        "tid": "14386929", 
        "price": "120668000", 
        "type": "buy", 
        "amount": "0.01570000"
    }, 
    {
        "date": "1579353852", 
        "tid": "14386928", 
        "price": "120659000", 
        "type": "buy", 
        "amount": "0.00077960"
    }, 
    {
        "date": "1579353852", 
        "tid": "14386927", 
        "price": "120653000", 
        "type": "buy", 
        "amount": "0.00244108"
    }, 
    {
        "date": "1579353852", 
        "tid": "14386926", 
        "price": "120647000", 
        "type": "buy", 
        "amount": "0.04144356"
    }, 
    {
        "date": "1579353852", 
        "tid": "14386925", 
        "price": "120645000", 
        "type": "buy", 
        "amount": "0.00305009"
    }, 
    {
        "date": "1579353815", 
        "tid": "14386924", 
        "price": "120645000", 
        "type": "buy", 
        "amount": "0.00694991"
    }, 
    {
        "date": "1579353815", 
        "tid": "14386923", 
        "price": "120622000", 
        "type": "buy", 
        "amount": "0.00244108"
    }, 
    {
        "date": "1579353815", 
        "tid": "14386922", 
        "price": "120610000", 
        "type": "buy", 
        "amount": "0.00047505"
    }, 
    {
        "date": "1579353815", 
        "tid": "14386921", 
        "price": "120605000", 
        "type": "buy", 
        "amount": "0.00207933"
    }, 
    {
        "date": "1579353792", 
        "tid": "14386920", 
        "price": "120600000", 
        "type": "sell", 
        "amount": "0.02007045"
    }, 
    {
        "date": "1579353791", 
        "tid": "14386919", 
        "price": "120600000", 
        "type": "buy", 
        "amount": "0.30492081"
    }, 
    {
        "date": "1579353772", 
        "tid": "14386918", 
        "price": "120600000", 
        "type": "buy", 
        "amount": "0.41163864"
    }, 
    {
        "date": "1579353770", 
        "tid": "14386917", 
        "price": "120600000", 
        "type": "buy", 
        "amount": "0.02007993"
    }, 
    {
        "date": "1579353770", 
        "tid": "14386916", 
        "price": "120600000", 
        "type": "buy", 
        "amount": "0.03011990"
    }, 
    {
        "date": "1579353765", 
        "tid": "14386915", 
        "price": "120600000", 
        "type": "buy", 
        "amount": "0.13202613"
    }, 
    {
        "date": "1579353765", 
        "tid": "14386914", 
        "price": "120599000", 
        "type": "buy", 
        "amount": "0.06877213"
    }, 
    {
        "date": "1579353763", 
        "tid": "14386913", 
        "price": "120599000", 
        "type": "buy", 
        "amount": "0.11043963"
    }, 
    {
        "date": "1579353759", 
        "tid": "14386912", 
        "price": "120599000", 
        "type": "buy", 
        "amount": "0.15059950"
    }, 
    {
        "date": "1579353759", 
        "tid": "14386911", 
        "price": "120599000", 
        "type": "buy", 
        "amount": "0.03011990"
    }, 
    {
        "date": "1579353759", 
        "tid": "14386910", 
        "price": "120599000", 
        "type": "buy", 
        "amount": "0.02007993"
    }, 
    {
        "date": "1579353748", 
        "tid": "14386909", 
        "price": "120599000", 
        "type": "buy", 
        "amount": "0.25099917"
    }, 
    {
        "date": "1579353748", 
        "tid": "14386908", 
        "price": "120599000", 
        "type": "buy", 
        "amount": "0.60239802"
    }, 
    {
        "date": "1579353737", 
        "tid": "14386907", 
        "price": "120599000", 
        "type": "buy", 
        "amount": "0.18071940"
    }, 
    {
        "date": "1579353737", 
        "tid": "14386906", 
        "price": "120599000", 
        "type": "buy", 
        "amount": "0.02007993"
    }, 
    {
        "date": "1579353737", 
        "tid": "14386905", 
        "price": "120599000", 
        "type": "buy", 
        "amount": "0.30119901"
    }, 
    {
        "date": "1579353734", 
        "tid": "14386904", 
        "price": "120599000", 
        "type": "buy", 
        "amount": "0.67267780"
    }, 
    {
        "date": "1579353733", 
        "tid": "14386903", 
        "price": "120599000", 
        "type": "buy", 
        "amount": "0.05019983"
    }, 
    {
        "date": "1579353732", 
        "tid": "14386902", 
        "price": "120599000", 
        "type": "buy", 
        "amount": "0.06023980"
    }, 
    {
        "date": "1579353732", 
        "tid": "14386901", 
        "price": "120599000", 
        "type": "buy", 
        "amount": "0.14055954"
    }, 
    {
        "date": "1579353719", 
        "tid": "14386900", 
        "price": "120598000", 
        "type": "sell", 
        "amount": "0.00950000"
    }, 
    {
        "date": "1579353705", 
        "tid": "14386899", 
        "price": "120599000", 
        "type": "buy", 
        "amount": "0.00289475"
    }, 
    {
        "date": "1579353681", 
        "tid": "14386898", 
        "price": "120599000", 
        "type": "buy", 
        "amount": "0.12986572"
    }, 
    {
        "date": "1579353665", 
        "tid": "14386897", 
        "price": "120598000", 
        "type": "sell", 
        "amount": "0.00884617"
    }, 
    {
        "date": "1579353632", 
        "tid": "14386896", 
        "price": "120562000", 
        "type": "sell", 
        "amount": "0.00305680"
    }, 
    {
        "date": "1579353597", 
        "tid": "14386895", 
        "price": "120599000", 
        "type": "buy", 
        "amount": "1.33434019"
    }, 
    {
        "date": "1579353597", 
        "tid": "14386894", 
        "price": "120598000", 
        "type": "buy", 
        "amount": "0.32077745"
    }, 
    {
        "date": "1579353597", 
        "tid": "14386893", 
        "price": "120597000", 
        "type": "buy", 
        "amount": "0.00095468"
    }, 
    {
        "date": "1579353597", 
        "tid": "14386892", 
        "price": "120591000", 
        "type": "buy", 
        "amount": "0.00244108"
    }, 
    {
        "date": "1579353597", 
        "tid": "14386891", 
        "price": "120561000", 
        "type": "buy", 
        "amount": "0.00201270"
    }, 
    {
        "date": "1579353597", 
        "tid": "14386890", 
        "price": "120531000", 
        "type": "buy", 
        "amount": "0.00049242"
    }, 
    {
        "date": "1579353597", 
        "tid": "14386889", 
        "price": "120530000", 
        "type": "buy", 
        "amount": "0.00244108"
    }, 
    {
        "date": "1579353597", 
        "tid": "14386888", 
        "price": "120515000", 
        "type": "buy", 
        "amount": "0.21040331"
    }, 
    {
        "date": "1579353597", 
        "tid": "14386887", 
        "price": "120510000", 
        "type": "buy", 
        "amount": "0.00088495"
    }, 
    {
        "date": "1579353597", 
        "tid": "14386886", 
        "price": "120506000", 
        "type": "buy", 
        "amount": "0.00882726"
    }, 
    {
        "date": "1579353597", 
        "tid": "14386885", 
        "price": "120505000", 
        "type": "buy", 
        "amount": "0.00417931"
    }, 
    {
        "date": "1579353597", 
        "tid": "14386884", 
        "price": "120504000", 
        "type": "buy", 
        "amount": "0.00351945"
    }, 
    {
        "date": "1579353597", 
        "tid": "14386883", 
        "price": "120503000", 
        "type": "buy", 
        "amount": "0.00496370"
    }, 
    {
        "date": "1579353597", 
        "tid": "14386882", 
        "price": "120502000", 
        "type": "buy", 
        "amount": "0.00219969"
    }, 
    {
        "date": "1579353597", 
        "tid": "14386881", 
        "price": "120501000", 
        "type": "buy", 
        "amount": "0.00153980"
    }, 
    {
        "date": "1579353597", 
        "tid": "14386880", 
        "price": "120500000", 
        "type": "buy", 
        "amount": "0.57851433"
    }, 
    {
        "date": "1579353493", 
        "tid": "14386879", 
        "price": "120499000", 
        "type": "sell", 
        "amount": "0.00563844"
    }, 
    {
        "date": "1579353463", 
        "tid": "14386878", 
        "price": "120499000", 
        "type": "sell", 
        "amount": "0.00200000"
    }, 
    {
        "date": "1579353459", 
        "tid": "14386877", 
        "price": "120500000", 
        "type": "buy", 
        "amount": "0.00049800"
    }, 
    {
        "date": "1579353387", 
        "tid": "14386876", 
        "price": "120500000", 
        "type": "buy", 
        "amount": "0.00827393"
    }, 
    {
        "date": "1579353329", 
        "tid": "14386875", 
        "price": "120499000", 
        "type": "sell", 
        "amount": "0.00936604"
    }, 
    {
        "date": "1579353280", 
        "tid": "14386874", 
        "price": "120499000", 
        "type": "buy", 
        "amount": "0.00187990"
    }, 
    {
        "date": "1579353237", 
        "tid": "14386873", 
        "price": "120500000", 
        "type": "buy", 
        "amount": "0.00191747"
    }, 
    {
        "date": "1579353237", 
        "tid": "14386872", 
        "price": "120499000", 
        "type": "buy", 
        "amount": "0.00087990"
    }, 
    {
        "date": "1579353231", 
        "tid": "14386871", 
        "price": "120490000", 
        "type": "sell", 
        "amount": "0.11012043"
    }, 
    {
        "date": "1579353231", 
        "tid": "14386870", 
        "price": "120495000", 
        "type": "sell", 
        "amount": "0.00428420"
    }, 
    {
        "date": "1579353231", 
        "tid": "14386869", 
        "price": "120496000", 
        "type": "sell", 
        "amount": "0.00423690"
    }, 
    {
        "date": "1579353231", 
        "tid": "14386868", 
        "price": "120497000", 
        "type": "sell", 
        "amount": "0.00296580"
    }, 
    {
        "date": "1579353231", 
        "tid": "14386867", 
        "price": "120498000", 
        "type": "sell", 
        "amount": "0.01100000"
    }, 
    {
        "date": "1579353175", 
        "tid": "14386866", 
        "price": "120500000", 
        "type": "buy", 
        "amount": "0.00295687"
    }, 
    {
        "date": "1579353174", 
        "tid": "14386865", 
        "price": "120500000", 
        "type": "buy", 
        "amount": "0.00168964"
    }, 
    {
        "date": "1579353174", 
        "tid": "14386864", 
        "price": "120500000", 
        "type": "sell", 
        "amount": "0.42437871"
    }, 
    {
        "date": "1579353174", 
        "tid": "14386863", 
        "price": "120501000", 
        "type": "sell", 
        "amount": "0.04829645"
    }, 
    {
        "date": "1579353174", 
        "tid": "14386862", 
        "price": "120502000", 
        "type": "sell", 
        "amount": "0.60799466"
    }, 
    {
        "date": "1579353054", 
        "tid": "14386861", 
        "price": "120503000", 
        "type": "buy", 
        "amount": "0.00827372"
    }, 
    {
        "date": "1579353052", 
        "tid": "14386860", 
        "price": "120503000", 
        "type": "buy", 
        "amount": "0.00597634"
    }, 
    {
        "date": "1579353039", 
        "tid": "14386859", 
        "price": "120501000", 
        "type": "sell", 
        "amount": "0.00350000"
    }, 
    {
        "date": "1579353038", 
        "tid": "14386858", 
        "price": "120503000", 
        "type": "buy", 
        "amount": "0.00164904"
    }, 
    {
        "date": "1579353029", 
        "tid": "14386857", 
        "price": "120503000", 
        "type": "buy", 
        "amount": "0.00398422"
    }, 
    {
        "date": "1579352956", 
        "tid": "14386856", 
        "price": "120503000", 
        "type": "buy", 
        "amount": "0.00676411"
    }, 
    {
        "date": "1579352899", 
        "tid": "14386855", 
        "price": "120501000", 
        "type": "sell", 
        "amount": "0.01000000"
    }, 
    {
        "date": "1579352893", 
        "tid": "14386854", 
        "price": "120503000", 
        "type": "buy", 
        "amount": "0.02570359"
    }, 
    {
        "date": "1579352838", 
        "tid": "14386853", 
        "price": "120503000", 
        "type": "buy", 
        "amount": "0.03206308"
    }, 
    {
        "date": "1579352838", 
        "tid": "14386852", 
        "price": "120502000", 
        "type": "buy", 
        "amount": "0.00091599"
    }, 
    {
        "date": "1579352821", 
        "tid": "14386851", 
        "price": "120503000", 
        "type": "buy", 
        "amount": "0.01352821"
    }, 
    {
        "date": "1579352805", 
        "tid": "14386850", 
        "price": "120503000", 
        "type": "buy", 
        "amount": "0.00824526"
    }, 
    {
        "date": "1579352758", 
        "tid": "14386849", 
        "price": "120503000", 
        "type": "buy", 
        "amount": "0.00724527"
    }, 
    {
        "date": "1579352758", 
        "tid": "14386848", 
        "price": "120502000", 
        "type": "buy", 
        "amount": "0.00100000"
    }, 
    {
        "date": "1579352711", 
        "tid": "14386847", 
        "price": "120503000", 
        "type": "buy", 
        "amount": "0.00413686"
    }, 
    {
        "date": "1579352708", 
        "tid": "14386846", 
        "price": "120503000", 
        "type": "buy", 
        "amount": "0.00824526"
    }, 
    {
        "date": "1579352698", 
        "tid": "14386845", 
        "price": "120503000", 
        "type": "buy", 
        "amount": "0.01758667"
    }, 
    {
        "date": "1579352667", 
        "tid": "14386844", 
        "price": "120503000", 
        "type": "buy", 
        "amount": "0.01217539"
    }, 
    {
        "date": "1579352596", 
        "tid": "14386843", 
        "price": "120501000", 
        "type": "sell", 
        "amount": "0.00311114"
    }, 
    {
        "date": "1579352570", 
        "tid": "14386842", 
        "price": "120501000", 
        "type": "sell", 
        "amount": "0.00918319"
    }, 
    {
        "date": "1579352534", 
        "tid": "14386841", 
        "price": "120503000", 
        "type": "buy", 
        "amount": "0.00358160"
    }, 
    {
        "date": "1579352534", 
        "tid": "14386840", 
        "price": "120502000", 
        "type": "buy", 
        "amount": "0.00560159"
    }, 
    {
        "date": "1579352505", 
        "tid": "14386839", 
        "price": "120503000", 
        "type": "sell", 
        "amount": "0.00041492"
    }, 
    {
        "date": "1579352505", 
        "tid": "14386838", 
        "price": "120513000", 
        "type": "sell", 
        "amount": "0.00041489"
    }, 
    {
        "date": "1579352476", 
        "tid": "14386837", 
        "price": "120515000", 
        "type": "buy", 
        "amount": "0.00494745"
    }, 
    {
        "date": "1579352454", 
        "tid": "14386836", 
        "price": "120514000", 
        "type": "sell", 
        "amount": "0.01293003"
    }, 
    {
        "date": "1579352450", 
        "tid": "14386835", 
        "price": "120561000", 
        "type": "buy", 
        "amount": "0.00042838"
    }, 
    {
        "date": "1579352434", 
        "tid": "14386834", 
        "price": "120514000", 
        "type": "sell", 
        "amount": "0.00506703"
    }, 
    {
        "date": "1579352434", 
        "tid": "14386833", 
        "price": "120516000", 
        "type": "sell", 
        "amount": "0.00095468"
    }, 
    {
        "date": "1579352434", 
        "tid": "14386832", 
        "price": "120530000", 
        "type": "sell", 
        "amount": "0.00077366"
    }, 
    {
        "date": "1579352434", 
        "tid": "14386831", 
        "price": "120561000", 
        "type": "sell", 
        "amount": "0.00244107"
    }, 
    {
        "date": "1579352433", 
        "tid": "14386830", 
        "price": "120598000", 
        "type": "buy", 
        "amount": "0.00123529"
    }, 
    {
        "date": "1579352389", 
        "tid": "14386829", 
        "price": "120598000", 
        "type": "buy", 
        "amount": "0.01078255"
    }, 
    {
        "date": "1579352389", 
        "tid": "14386828", 
        "price": "120591000", 
        "type": "buy", 
        "amount": "0.00244108"
    }, 
    {
        "date": "1579352356", 
        "tid": "14386827", 
        "price": "120531000", 
        "type": "sell", 
        "amount": "0.00153049"
    }, 
    {
        "date": "1579352356", 
        "tid": "14386826", 
        "price": "120532000", 
        "type": "sell", 
        "amount": "0.00172028"
    }, 
    {
        "date": "1579352356", 
        "tid": "14386825", 
        "price": "120535000", 
        "type": "sell", 
        "amount": "0.00172023"
    }, 
    {
        "date": "1579352353", 
        "tid": "14386824", 
        "price": "120560000", 
        "type": "buy", 
        "amount": "0.02480944"
    }, 
    {
        "date": "1579352348", 
        "tid": "14386823", 
        "price": "120561000", 
        "type": "sell", 
        "amount": "0.00241189"
    }, 
    {
        "date": "1579352330", 
        "tid": "14386822", 
        "price": "120561000", 
        "type": "sell", 
        "amount": "0.00044391"
    }, 
    {
        "date": "1579352271", 
        "tid": "14386821", 
        "price": "120598000", 
        "type": "buy", 
        "amount": "0.02703510"
    }, 
    {
        "date": "1579352261", 
        "tid": "14386820", 
        "price": "120598000", 
        "type": "buy", 
        "amount": "0.00946228"
    }, 
    {
        "date": "1579352247", 
        "tid": "14386819", 
        "price": "120598000", 
        "type": "buy", 
        "amount": "0.00270351"
    }, 
    {
        "date": "1579352221", 
        "tid": "14386818", 
        "price": "120598000", 
        "type": "buy", 
        "amount": "0.01351756"
    }, 
    {
        "date": "1579352211", 
        "tid": "14386817", 
        "price": "120598000", 
        "type": "buy", 
        "amount": "0.01107661"
    }, 
    {
        "date": "1579352211", 
        "tid": "14386816", 
        "price": "120591000", 
        "type": "buy", 
        "amount": "0.00244108"
    }, 
    {
        "date": "1579352186", 
        "tid": "14386815", 
        "price": "120561000", 
        "type": "sell", 
        "amount": "0.09348170"
    }, 
    {
        "date": "1579352089", 
        "tid": "14386814", 
        "price": "120599000", 
        "type": "sell", 
        "amount": "0.00135603"
    }, 
    {
        "date": "1579352048", 
        "tid": "14386813", 
        "price": "120599000", 
        "type": "sell", 
        "amount": "0.00231000"
    }, 
    {
        "date": "1579352042", 
        "tid": "14386812", 
        "price": "120600000", 
        "type": "buy", 
        "amount": "0.02389888"
    }, 
    {
        "date": "1579351940", 
        "tid": "14386811", 
        "price": "120600000", 
        "type": "buy", 
        "amount": "0.00098263"
    }, 
    {
        "date": "1579351909", 
        "tid": "14386810", 
        "price": "120600000", 
        "type": "buy", 
        "amount": "0.00063031"
    }, 
    {
        "date": "1579351908", 
        "tid": "14386809", 
        "price": "120600000", 
        "type": "buy", 
        "amount": "0.00538385"
    }
]