[
    {
        "date": "1579374315", 
        "tid": "14387960", 
        "price": "120438000", 
        "type": "sell", 
        "amount": "0.00103549"
    }, 
    {
        "date": "1579374315", 
        "tid": "14387959", 
        "price": "120469000", 
        "type": "sell", 
        "amount": "0.00244095"
    }, 
    {
        "date": "1579374304", 
        "tid": "14387958", 
        "price": "120488000", 
        "type": "buy", 
        "amount": "0.00786102"
    }, 
    {
        "date": "1579374231", 
        "tid": "14387957", 
        "price": "120488000", 
        "type": "buy", 
        "amount": "0.05549546"
    }, 
    {
        "date": "1579374231", 
        "tid": "14387956", 
        "price": "120478000", 
        "type": "buy", 
        "amount": "0.00126419"
    }, 
    {
        "date": "1579374190", 
        "tid": "14387955", 
        "price": "120488000", 
        "type": "buy", 
        "amount": "0.00820595"
    }, 
    {
        "date": "1579374155", 
        "tid": "14387954", 
        "price": "120489000", 
        "type": "sell", 
        "amount": "0.09706213"
    }, 
    {
        "date": "1579374155", 
        "tid": "14387953", 
        "price": "120491000", 
        "type": "sell", 
        "amount": "0.00294835"
    }, 
    {
        "date": "1579374143", 
        "tid": "14387952", 
        "price": "120495000", 
        "type": "sell", 
        "amount": "0.00682491"
    }, 
    {
        "date": "1579374125", 
        "tid": "14387951", 
        "price": "120500000", 
        "type": "sell", 
        "amount": "0.00604435"
    }, 
    {
        "date": "1579373914", 
        "tid": "14387950", 
        "price": "120577000", 
        "type": "buy", 
        "amount": "0.02248919"
    }, 
    {
        "date": "1579373903", 
        "tid": "14387949", 
        "price": "120500000", 
        "type": "sell", 
        "amount": "0.00054596"
    }, 
    {
        "date": "1579373903", 
        "tid": "14387948", 
        "price": "120530000", 
        "type": "sell", 
        "amount": "0.00244096"
    }, 
    {
        "date": "1579373903", 
        "tid": "14387947", 
        "price": "120561000", 
        "type": "sell", 
        "amount": "0.00201308"
    }, 
    {
        "date": "1579373888", 
        "tid": "14387946", 
        "price": "120582000", 
        "type": "buy", 
        "amount": "0.00245568"
    }, 
    {
        "date": "1579373853", 
        "tid": "14387945", 
        "price": "120591000", 
        "type": "sell", 
        "amount": "0.00244096"
    }, 
    {
        "date": "1579373777", 
        "tid": "14387944", 
        "price": "120653000", 
        "type": "buy", 
        "amount": "0.00050460"
    }, 
    {
        "date": "1579373777", 
        "tid": "14387943", 
        "price": "120622000", 
        "type": "buy", 
        "amount": "0.00120292"
    }, 
    {
        "date": "1579373709", 
        "tid": "14387942", 
        "price": "120562000", 
        "type": "sell", 
        "amount": "0.00394292"
    }, 
    {
        "date": "1579373681", 
        "tid": "14387941", 
        "price": "120562000", 
        "type": "sell", 
        "amount": "0.00054061"
    }, 
    {
        "date": "1579373639", 
        "tid": "14387940", 
        "price": "120562000", 
        "type": "sell", 
        "amount": "0.00065508"
    }, 
    {
        "date": "1579373535", 
        "tid": "14387939", 
        "price": "120561000", 
        "type": "sell", 
        "amount": "0.00042786"
    }, 
    {
        "date": "1579373485", 
        "tid": "14387938", 
        "price": "120622000", 
        "type": "buy", 
        "amount": "0.00123803"
    }, 
    {
        "date": "1579373485", 
        "tid": "14387937", 
        "price": "120591000", 
        "type": "buy", 
        "amount": "0.00244095"
    }, 
    {
        "date": "1579373485", 
        "tid": "14387936", 
        "price": "120561000", 
        "type": "buy", 
        "amount": "0.00244095"
    }, 
    {
        "date": "1579373485", 
        "tid": "14387935", 
        "price": "120530000", 
        "type": "buy", 
        "amount": "0.00033900"
    }, 
    {
        "date": "1579373302", 
        "tid": "14387934", 
        "price": "120495000", 
        "type": "sell", 
        "amount": "0.00229448"
    }, 
    {
        "date": "1579373302", 
        "tid": "14387933", 
        "price": "120496000", 
        "type": "sell", 
        "amount": "0.02912978"
    }, 
    {
        "date": "1579373302", 
        "tid": "14387932", 
        "price": "120500000", 
        "type": "sell", 
        "amount": "0.00012703"
    }, 
    {
        "date": "1579373293", 
        "tid": "14387931", 
        "price": "120530000", 
        "type": "buy", 
        "amount": "0.00042786"
    }, 
    {
        "date": "1579373191", 
        "tid": "14387930", 
        "price": "120530000", 
        "type": "buy", 
        "amount": "0.00167409"
    }, 
    {
        "date": "1579373169", 
        "tid": "14387929", 
        "price": "120500000", 
        "type": "sell", 
        "amount": "0.00480353"
    }, 
    {
        "date": "1579373169", 
        "tid": "14387928", 
        "price": "120530000", 
        "type": "sell", 
        "amount": "0.00244096"
    }, 
    {
        "date": "1579373169", 
        "tid": "14387927", 
        "price": "120561000", 
        "type": "sell", 
        "amount": "0.00244094"
    }, 
    {
        "date": "1579373169", 
        "tid": "14387926", 
        "price": "120574000", 
        "type": "sell", 
        "amount": "0.00077959"
    }, 
    {
        "date": "1579373169", 
        "tid": "14387925", 
        "price": "120591000", 
        "type": "sell", 
        "amount": "0.00016325"
    }, 
    {
        "date": "1579373157", 
        "tid": "14387924", 
        "price": "120591000", 
        "type": "sell", 
        "amount": "0.00227771"
    }, 
    {
        "date": "1579373157", 
        "tid": "14387923", 
        "price": "120622000", 
        "type": "sell", 
        "amount": "0.00244095"
    }, 
    {
        "date": "1579373157", 
        "tid": "14387922", 
        "price": "120660000", 
        "type": "sell", 
        "amount": "0.00681006"
    }, 
    {
        "date": "1579373149", 
        "tid": "14387921", 
        "price": "120660000", 
        "type": "sell", 
        "amount": "0.00606662"
    }, 
    {
        "date": "1579373134", 
        "tid": "14387920", 
        "price": "120660000", 
        "type": "sell", 
        "amount": "0.03033312"
    }, 
    {
        "date": "1579373118", 
        "tid": "14387919", 
        "price": "120660000", 
        "type": "sell", 
        "amount": "0.00242664"
    }, 
    {
        "date": "1579373110", 
        "tid": "14387918", 
        "price": "120660000", 
        "type": "sell", 
        "amount": "0.02960085"
    }, 
    {
        "date": "1579373044", 
        "tid": "14387917", 
        "price": "120660000", 
        "type": "buy", 
        "amount": "0.00088066"
    }, 
    {
        "date": "1579373044", 
        "tid": "14387916", 
        "price": "120659000", 
        "type": "buy", 
        "amount": "0.00077960"
    }, 
    {
        "date": "1579373044", 
        "tid": "14387915", 
        "price": "120653000", 
        "type": "buy", 
        "amount": "0.00244095"
    }, 
    {
        "date": "1579373044", 
        "tid": "14387914", 
        "price": "120622000", 
        "type": "buy", 
        "amount": "0.00244095"
    }, 
    {
        "date": "1579373044", 
        "tid": "14387913", 
        "price": "120591000", 
        "type": "buy", 
        "amount": "0.00107678"
    }, 
    {
        "date": "1579372953", 
        "tid": "14387912", 
        "price": "120591000", 
        "type": "buy", 
        "amount": "0.00136417"
    }, 
    {
        "date": "1579372749", 
        "tid": "14387911", 
        "price": "120663000", 
        "type": "buy", 
        "amount": "0.00654763"
    }, 
    {
        "date": "1579372749", 
        "tid": "14387910", 
        "price": "120560000", 
        "type": "buy", 
        "amount": "0.00222106"
    }, 
    {
        "date": "1579372747", 
        "tid": "14387909", 
        "price": "120560000", 
        "type": "buy", 
        "amount": "0.00243429"
    }, 
    {
        "date": "1579372747", 
        "tid": "14387908", 
        "price": "120560000", 
        "type": "buy", 
        "amount": "0.00243491"
    }, 
    {
        "date": "1579372746", 
        "tid": "14387907", 
        "price": "120560000", 
        "type": "buy", 
        "amount": "0.00077735"
    }, 
    {
        "date": "1579372744", 
        "tid": "14387906", 
        "price": "120561000", 
        "type": "sell", 
        "amount": "0.00444269"
    }, 
    {
        "date": "1579372732", 
        "tid": "14387905", 
        "price": "120663000", 
        "type": "buy", 
        "amount": "0.03502696"
    }, 
    {
        "date": "1579372732", 
        "tid": "14387904", 
        "price": "120659000", 
        "type": "buy", 
        "amount": "0.00077960"
    }, 
    {
        "date": "1579372732", 
        "tid": "14387903", 
        "price": "120655000", 
        "type": "buy", 
        "amount": "0.00090000"
    }, 
    {
        "date": "1579372732", 
        "tid": "14387902", 
        "price": "120653000", 
        "type": "buy", 
        "amount": "0.00244095"
    }, 
    {
        "date": "1579372732", 
        "tid": "14387901", 
        "price": "120622000", 
        "type": "buy", 
        "amount": "0.00221853"
    }, 
    {
        "date": "1579372732", 
        "tid": "14387900", 
        "price": "120562000", 
        "type": "buy", 
        "amount": "0.00515297"
    }, 
    {
        "date": "1579372706", 
        "tid": "14387899", 
        "price": "120562000", 
        "type": "buy", 
        "amount": "0.01521674"
    }, 
    {
        "date": "1579372573", 
        "tid": "14387898", 
        "price": "120622000", 
        "type": "buy", 
        "amount": "0.00022242"
    }, 
    {
        "date": "1579372573", 
        "tid": "14387897", 
        "price": "120599000", 
        "type": "buy", 
        "amount": "0.00332176"
    }, 
    {
        "date": "1579372560", 
        "tid": "14387896", 
        "price": "120599000", 
        "type": "buy", 
        "amount": "0.00332824"
    }, 
    {
        "date": "1579372560", 
        "tid": "14387895", 
        "price": "120591000", 
        "type": "buy", 
        "amount": "0.00170466"
    }, 
    {
        "date": "1579372550", 
        "tid": "14387894", 
        "price": "120591000", 
        "type": "buy", 
        "amount": "0.00333331"
    }, 
    {
        "date": "1579372550", 
        "tid": "14387893", 
        "price": "120561000", 
        "type": "buy", 
        "amount": "0.00244095"
    }, 
    {
        "date": "1579372550", 
        "tid": "14387892", 
        "price": "120530000", 
        "type": "buy", 
        "amount": "0.00244095"
    }, 
    {
        "date": "1579372550", 
        "tid": "14387891", 
        "price": "120496000", 
        "type": "buy", 
        "amount": "0.00249284"
    }, 
    {
        "date": "1579372262", 
        "tid": "14387890", 
        "price": "120489000", 
        "type": "sell", 
        "amount": "0.00759404"
    }, 
    {
        "date": "1579372244", 
        "tid": "14387889", 
        "price": "120489000", 
        "type": "sell", 
        "amount": "0.00577147"
    }, 
    {
        "date": "1579372209", 
        "tid": "14387888", 
        "price": "120500000", 
        "type": "sell", 
        "amount": "0.24041932"
    }, 
    {
        "date": "1579372167", 
        "tid": "14387887", 
        "price": "120500000", 
        "type": "sell", 
        "amount": "0.00759334"
    }, 
    {
        "date": "1579372151", 
        "tid": "14387886", 
        "price": "120500000", 
        "type": "sell", 
        "amount": "0.00759334"
    }, 
    {
        "date": "1579372099", 
        "tid": "14387885", 
        "price": "120554000", 
        "type": "buy", 
        "amount": "0.01017504"
    }, 
    {
        "date": "1579372099", 
        "tid": "14387884", 
        "price": "120530000", 
        "type": "buy", 
        "amount": "0.00244095"
    }, 
    {
        "date": "1579372062", 
        "tid": "14387883", 
        "price": "120502000", 
        "type": "buy", 
        "amount": "0.01640721"
    }, 
    {
        "date": "1579372050", 
        "tid": "14387882", 
        "price": "120500000", 
        "type": "sell", 
        "amount": "0.00315794"
    }, 
    {
        "date": "1579372039", 
        "tid": "14387881", 
        "price": "120503000", 
        "type": "buy", 
        "amount": "0.10162654"
    }, 
    {
        "date": "1579372015", 
        "tid": "14387880", 
        "price": "120500000", 
        "type": "sell", 
        "amount": "0.00010604"
    }, 
    {
        "date": "1579372015", 
        "tid": "14387879", 
        "price": "120530000", 
        "type": "sell", 
        "amount": "0.00658930"
    }, 
    {
        "date": "1579372015", 
        "tid": "14387878", 
        "price": "120561000", 
        "type": "sell", 
        "amount": "0.00244094"
    }, 
    {
        "date": "1579372015", 
        "tid": "14387877", 
        "price": "120574000", 
        "type": "sell", 
        "amount": "0.00077959"
    }, 
    {
        "date": "1579371969", 
        "tid": "14387876", 
        "price": "120591000", 
        "type": "sell", 
        "amount": "0.00146974"
    }, 
    {
        "date": "1579371945", 
        "tid": "14387875", 
        "price": "120591000", 
        "type": "sell", 
        "amount": "0.00097122"
    }, 
    {
        "date": "1579371934", 
        "tid": "14387874", 
        "price": "120607000", 
        "type": "buy", 
        "amount": "0.10153889"
    }, 
    {
        "date": "1579371876", 
        "tid": "14387873", 
        "price": "120618000", 
        "type": "buy", 
        "amount": "0.01271486"
    }, 
    {
        "date": "1579371876", 
        "tid": "14387872", 
        "price": "120618000", 
        "type": "sell", 
        "amount": "0.00055547"
    }, 
    {
        "date": "1579371856", 
        "tid": "14387871", 
        "price": "120622000", 
        "type": "buy", 
        "amount": "0.00082655"
    }, 
    {
        "date": "1579371855", 
        "tid": "14387870", 
        "price": "120622000", 
        "type": "sell", 
        "amount": "0.00244095"
    }, 
    {
        "date": "1579371823", 
        "tid": "14387869", 
        "price": "120653000", 
        "type": "sell", 
        "amount": "0.00285536"
    }, 
    {
        "date": "1579371816", 
        "tid": "14387868", 
        "price": "120655000", 
        "type": "sell", 
        "amount": "0.02754858"
    }, 
    {
        "date": "1579371693", 
        "tid": "14387867", 
        "price": "120655000", 
        "type": "sell", 
        "amount": "0.00154282"
    }, 
    {
        "date": "1579371464", 
        "tid": "14387866", 
        "price": "120712000", 
        "type": "buy", 
        "amount": "0.00708178"
    }, 
    {
        "date": "1579371455", 
        "tid": "14387865", 
        "price": "120712000", 
        "type": "buy", 
        "amount": "0.00447344"
    }, 
    {
        "date": "1579371455", 
        "tid": "14387864", 
        "price": "120683000", 
        "type": "buy", 
        "amount": "0.00244095"
    }, 
    {
        "date": "1579371455", 
        "tid": "14387863", 
        "price": "120659000", 
        "type": "buy", 
        "amount": "0.00016810"
    }, 
    {
        "date": "1579371447", 
        "tid": "14387862", 
        "price": "120659000", 
        "type": "buy", 
        "amount": "0.00061150"
    }, 
    {
        "date": "1579371447", 
        "tid": "14387861", 
        "price": "120653000", 
        "type": "buy", 
        "amount": "0.00119577"
    }, 
    {
        "date": "1579371447", 
        "tid": "14387860", 
        "price": "120622000", 
        "type": "buy", 
        "amount": "0.00244095"
    }, 
    {
        "date": "1579371447", 
        "tid": "14387859", 
        "price": "120591000", 
        "type": "buy", 
        "amount": "0.00244095"
    }, 
    {
        "date": "1579371447", 
        "tid": "14387858", 
        "price": "120586000", 
        "type": "buy", 
        "amount": "0.00039818"
    }, 
    {
        "date": "1579371433", 
        "tid": "14387857", 
        "price": "120586000", 
        "type": "buy", 
        "amount": "0.01210465"
    }, 
    {
        "date": "1579371433", 
        "tid": "14387856", 
        "price": "120585000", 
        "type": "buy", 
        "amount": "0.00207374"
    }, 
    {
        "date": "1579371230", 
        "tid": "14387855", 
        "price": "120585000", 
        "type": "buy", 
        "amount": "0.00113020"
    }, 
    {
        "date": "1579371230", 
        "tid": "14387854", 
        "price": "120561000", 
        "type": "buy", 
        "amount": "0.00244095"
    }, 
    {
        "date": "1579371230", 
        "tid": "14387853", 
        "price": "120556000", 
        "type": "buy", 
        "amount": "0.00351945"
    }, 
    {
        "date": "1579371229", 
        "tid": "14387852", 
        "price": "120500000", 
        "type": "sell", 
        "amount": "0.00106799"
    }, 
    {
        "date": "1579371222", 
        "tid": "14387851", 
        "price": "120554000", 
        "type": "buy", 
        "amount": "0.00246354"
    }, 
    {
        "date": "1579371222", 
        "tid": "14387850", 
        "price": "120553000", 
        "type": "buy", 
        "amount": "0.00220362"
    }, 
    {
        "date": "1579371222", 
        "tid": "14387849", 
        "price": "120552000", 
        "type": "buy", 
        "amount": "0.00154254"
    }, 
    {
        "date": "1579371222", 
        "tid": "14387848", 
        "price": "120551000", 
        "type": "buy", 
        "amount": "0.00088146"
    }, 
    {
        "date": "1579371188", 
        "tid": "14387847", 
        "price": "120520000", 
        "type": "buy", 
        "amount": "0.00246423"
    }, 
    {
        "date": "1579371188", 
        "tid": "14387846", 
        "price": "120519000", 
        "type": "buy", 
        "amount": "0.00220424"
    }, 
    {
        "date": "1579371188", 
        "tid": "14387845", 
        "price": "120518000", 
        "type": "buy", 
        "amount": "0.00154298"
    }, 
    {
        "date": "1579371188", 
        "tid": "14387844", 
        "price": "120517000", 
        "type": "buy", 
        "amount": "0.00088171"
    }, 
    {
        "date": "1579371118", 
        "tid": "14387843", 
        "price": "120556000", 
        "type": "buy", 
        "amount": "0.00709094"
    }, 
    {
        "date": "1579371108", 
        "tid": "14387842", 
        "price": "120556000", 
        "type": "buy", 
        "amount": "0.00709094"
    }, 
    {
        "date": "1579371090", 
        "tid": "14387841", 
        "price": "120556000", 
        "type": "buy", 
        "amount": "0.00709094"
    }, 
    {
        "date": "1579371075", 
        "tid": "14387840", 
        "price": "120556000", 
        "type": "buy", 
        "amount": "0.00465054"
    }, 
    {
        "date": "1579371075", 
        "tid": "14387839", 
        "price": "120530000", 
        "type": "buy", 
        "amount": "0.00244095"
    }, 
    {
        "date": "1579371073", 
        "tid": "14387838", 
        "price": "120489000", 
        "type": "sell", 
        "amount": "0.00047666"
    }, 
    {
        "date": "1579371065", 
        "tid": "14387837", 
        "price": "120556000", 
        "type": "buy", 
        "amount": "0.00709094"
    }, 
    {
        "date": "1579371055", 
        "tid": "14387836", 
        "price": "120489000", 
        "type": "sell", 
        "amount": "0.16119225"
    }, 
    {
        "date": "1579371055", 
        "tid": "14387835", 
        "price": "120500000", 
        "type": "sell", 
        "amount": "0.13572573"
    }, 
    {
        "date": "1579371055", 
        "tid": "14387834", 
        "price": "120530000", 
        "type": "sell", 
        "amount": "0.00244096"
    }, 
    {
        "date": "1579371055", 
        "tid": "14387833", 
        "price": "120531000", 
        "type": "sell", 
        "amount": "0.00422585"
    }, 
    {
        "date": "1579371055", 
        "tid": "14387832", 
        "price": "120555000", 
        "type": "sell", 
        "amount": "0.10736904"
    }, 
    {
        "date": "1579371033", 
        "tid": "14387831", 
        "price": "120555000", 
        "type": "sell", 
        "amount": "0.00456100"
    }, 
    {
        "date": "1579370911", 
        "tid": "14387830", 
        "price": "120556000", 
        "type": "buy", 
        "amount": "0.00079267"
    }, 
    {
        "date": "1579370909", 
        "tid": "14387829", 
        "price": "120555000", 
        "type": "sell", 
        "amount": "0.08299789"
    }, 
    {
        "date": "1579370780", 
        "tid": "14387828", 
        "price": "120555000", 
        "type": "sell", 
        "amount": "0.00089602"
    }, 
    {
        "date": "1579370750", 
        "tid": "14387827", 
        "price": "120555000", 
        "type": "sell", 
        "amount": "0.04693543"
    }, 
    {
        "date": "1579370750", 
        "tid": "14387826", 
        "price": "120561000", 
        "type": "sell", 
        "amount": "0.04391372"
    }, 
    {
        "date": "1579370750", 
        "tid": "14387825", 
        "price": "120591000", 
        "type": "sell", 
        "amount": "0.00244096"
    }, 
    {
        "date": "1579370750", 
        "tid": "14387824", 
        "price": "120652000", 
        "type": "sell", 
        "amount": "0.00670989"
    }, 
    {
        "date": "1579370659", 
        "tid": "14387823", 
        "price": "120652000", 
        "type": "sell", 
        "amount": "0.00354087"
    }, 
    {
        "date": "1579370616", 
        "tid": "14387822", 
        "price": "120652000", 
        "type": "sell", 
        "amount": "0.00244095"
    }, 
    {
        "date": "1579370611", 
        "tid": "14387821", 
        "price": "120591000", 
        "type": "buy", 
        "amount": "0.00133768"
    }, 
    {
        "date": "1579370603", 
        "tid": "14387820", 
        "price": "120591000", 
        "type": "sell", 
        "amount": "0.00244096"
    }, 
    {
        "date": "1579370534", 
        "tid": "14387819", 
        "price": "120653000", 
        "type": "buy", 
        "amount": "0.00124518"
    }, 
    {
        "date": "1579370534", 
        "tid": "14387818", 
        "price": "120622000", 
        "type": "buy", 
        "amount": "0.00244095"
    }, 
    {
        "date": "1579370497", 
        "tid": "14387817", 
        "price": "120555000", 
        "type": "sell", 
        "amount": "0.01032119"
    }, 
    {
        "date": "1579370497", 
        "tid": "14387816", 
        "price": "120556000", 
        "type": "sell", 
        "amount": "0.05193373"
    }, 
    {
        "date": "1579370497", 
        "tid": "14387815", 
        "price": "120600000", 
        "type": "sell", 
        "amount": "0.02092753"
    }, 
    {
        "date": "1579370489", 
        "tid": "14387814", 
        "price": "120600000", 
        "type": "sell", 
        "amount": "0.00150000"
    }, 
    {
        "date": "1579370421", 
        "tid": "14387813", 
        "price": "120591000", 
        "type": "buy", 
        "amount": "0.00244095"
    }, 
    {
        "date": "1579370398", 
        "tid": "14387812", 
        "price": "120556000", 
        "type": "sell", 
        "amount": "0.03235486"
    }, 
    {
        "date": "1579370398", 
        "tid": "14387811", 
        "price": "120561000", 
        "type": "sell", 
        "amount": "0.00244094"
    }
]