[
    {
        "date": "1579362967", 
        "tid": "14387435", 
        "price": "120421000", 
        "type": "sell", 
        "amount": "0.02571744"
    }, 
    {
        "date": "1579362963", 
        "tid": "14387434", 
        "price": "120421000", 
        "type": "sell", 
        "amount": "0.00121323"
    }, 
    {
        "date": "1579362953", 
        "tid": "14387433", 
        "price": "120428000", 
        "type": "buy", 
        "amount": "0.00271807"
    }, 
    {
        "date": "1579362950", 
        "tid": "14387432", 
        "price": "120428000", 
        "type": "sell", 
        "amount": "0.00007094"
    }, 
    {
        "date": "1579362947", 
        "tid": "14387431", 
        "price": "120428000", 
        "type": "sell", 
        "amount": "0.00042538"
    }, 
    {
        "date": "1579362941", 
        "tid": "14387430", 
        "price": "120438000", 
        "type": "sell", 
        "amount": "0.00244109"
    }, 
    {
        "date": "1579362927", 
        "tid": "14387429", 
        "price": "120469000", 
        "type": "sell", 
        "amount": "0.00244108"
    }, 
    {
        "date": "1579362903", 
        "tid": "14387428", 
        "price": "120489000", 
        "type": "sell", 
        "amount": "0.00177959"
    }, 
    {
        "date": "1579362903", 
        "tid": "14387427", 
        "price": "120518000", 
        "type": "sell", 
        "amount": "0.00064572"
    }, 
    {
        "date": "1579362893", 
        "tid": "14387426", 
        "price": "120500000", 
        "type": "sell", 
        "amount": "0.01213468"
    }, 
    {
        "date": "1579362883", 
        "tid": "14387425", 
        "price": "120518000", 
        "type": "sell", 
        "amount": "0.02009908"
    }, 
    {
        "date": "1579362847", 
        "tid": "14387424", 
        "price": "120519000", 
        "type": "buy", 
        "amount": "0.00062045"
    }, 
    {
        "date": "1579362844", 
        "tid": "14387423", 
        "price": "120519000", 
        "type": "buy", 
        "amount": "0.00165452"
    }, 
    {
        "date": "1579362837", 
        "tid": "14387422", 
        "price": "120518000", 
        "type": "sell", 
        "amount": "0.00042497"
    }, 
    {
        "date": "1579362806", 
        "tid": "14387421", 
        "price": "120519000", 
        "type": "buy", 
        "amount": "0.00096425"
    }, 
    {
        "date": "1579362791", 
        "tid": "14387420", 
        "price": "120518000", 
        "type": "sell", 
        "amount": "0.00051899"
    }, 
    {
        "date": "1579362789", 
        "tid": "14387419", 
        "price": "120518000", 
        "type": "sell", 
        "amount": "0.00042640"
    }, 
    {
        "date": "1579362784", 
        "tid": "14387418", 
        "price": "120518000", 
        "type": "sell", 
        "amount": "0.00110868"
    }, 
    {
        "date": "1579362778", 
        "tid": "14387417", 
        "price": "120518000", 
        "type": "sell", 
        "amount": "0.00042712"
    }, 
    {
        "date": "1579362613", 
        "tid": "14387416", 
        "price": "120500000", 
        "type": "sell", 
        "amount": "0.01594652"
    }, 
    {
        "date": "1579362613", 
        "tid": "14387415", 
        "price": "120519000", 
        "type": "sell", 
        "amount": "0.00826340"
    }, 
    {
        "date": "1579362548", 
        "tid": "14387414", 
        "price": "120519000", 
        "type": "sell", 
        "amount": "0.00044892"
    }, 
    {
        "date": "1579362495", 
        "tid": "14387413", 
        "price": "120500000", 
        "type": "sell", 
        "amount": "0.00104855"
    }, 
    {
        "date": "1579362434", 
        "tid": "14387412", 
        "price": "120500000", 
        "type": "sell", 
        "amount": "0.00117482"
    }, 
    {
        "date": "1579362434", 
        "tid": "14387411", 
        "price": "120519000", 
        "type": "sell", 
        "amount": "0.00106576"
    }, 
    {
        "date": "1579362423", 
        "tid": "14387410", 
        "price": "120501000", 
        "type": "buy", 
        "amount": "0.00113335"
    }, 
    {
        "date": "1579362373", 
        "tid": "14387409", 
        "price": "120519000", 
        "type": "buy", 
        "amount": "0.05633828"
    }, 
    {
        "date": "1579362373", 
        "tid": "14387408", 
        "price": "120501000", 
        "type": "buy", 
        "amount": "0.02870036"
    }, 
    {
        "date": "1579362368", 
        "tid": "14387407", 
        "price": "120501000", 
        "type": "buy", 
        "amount": "0.00128239"
    }, 
    {
        "date": "1579362358", 
        "tid": "14387406", 
        "price": "120500000", 
        "type": "sell", 
        "amount": "0.00162861"
    }, 
    {
        "date": "1579362342", 
        "tid": "14387405", 
        "price": "120501000", 
        "type": "buy", 
        "amount": "0.01497201"
    }, 
    {
        "date": "1579362324", 
        "tid": "14387404", 
        "price": "120500000", 
        "type": "sell", 
        "amount": "0.00100000"
    }, 
    {
        "date": "1579362323", 
        "tid": "14387403", 
        "price": "120501000", 
        "type": "buy", 
        "amount": "0.00041369"
    }, 
    {
        "date": "1579362321", 
        "tid": "14387402", 
        "price": "120501000", 
        "type": "buy", 
        "amount": "0.00748601"
    }, 
    {
        "date": "1579362297", 
        "tid": "14387401", 
        "price": "120500000", 
        "type": "sell", 
        "amount": "0.00145000"
    }, 
    {
        "date": "1579362297", 
        "tid": "14387400", 
        "price": "120530000", 
        "type": "sell", 
        "amount": "0.00599357"
    }, 
    {
        "date": "1579362297", 
        "tid": "14387399", 
        "price": "120561000", 
        "type": "sell", 
        "amount": "0.00115197"
    }, 
    {
        "date": "1579362289", 
        "tid": "14387398", 
        "price": "120562000", 
        "type": "buy", 
        "amount": "0.00748222"
    }, 
    {
        "date": "1579362273", 
        "tid": "14387397", 
        "price": "120562000", 
        "type": "buy", 
        "amount": "0.00748222"
    }, 
    {
        "date": "1579362241", 
        "tid": "14387396", 
        "price": "120562000", 
        "type": "buy", 
        "amount": "0.00041348"
    }, 
    {
        "date": "1579362226", 
        "tid": "14387395", 
        "price": "120562000", 
        "type": "buy", 
        "amount": "0.00748222"
    }, 
    {
        "date": "1579362209", 
        "tid": "14387394", 
        "price": "120562000", 
        "type": "buy", 
        "amount": "0.00748222"
    }, 
    {
        "date": "1579362203", 
        "tid": "14387393", 
        "price": "120561000", 
        "type": "sell", 
        "amount": "0.00128911"
    }, 
    {
        "date": "1579362180", 
        "tid": "14387392", 
        "price": "120565000", 
        "type": "sell", 
        "amount": "0.00074470"
    }, 
    {
        "date": "1579362167", 
        "tid": "14387391", 
        "price": "120573000", 
        "type": "sell", 
        "amount": "0.00113794"
    }, 
    {
        "date": "1579362162", 
        "tid": "14387390", 
        "price": "120574000", 
        "type": "sell", 
        "amount": "0.00492642"
    }, 
    {
        "date": "1579362127", 
        "tid": "14387389", 
        "price": "120575000", 
        "type": "buy", 
        "amount": "0.00413439"
    }, 
    {
        "date": "1579362125", 
        "tid": "14387388", 
        "price": "120591000", 
        "type": "sell", 
        "amount": "0.00201588"
    }, 
    {
        "date": "1579362070", 
        "tid": "14387387", 
        "price": "120592000", 
        "type": "buy", 
        "amount": "0.00084024"
    }, 
    {
        "date": "1579362041", 
        "tid": "14387386", 
        "price": "120592000", 
        "type": "buy", 
        "amount": "0.03970879"
    }, 
    {
        "date": "1579362037", 
        "tid": "14387385", 
        "price": "120591000", 
        "type": "sell", 
        "amount": "0.00042522"
    }, 
    {
        "date": "1579362032", 
        "tid": "14387384", 
        "price": "120598000", 
        "type": "sell", 
        "amount": "0.58152546"
    }, 
    {
        "date": "1579362027", 
        "tid": "14387383", 
        "price": "120598000", 
        "type": "sell", 
        "amount": "0.00042596"
    }, 
    {
        "date": "1579362027", 
        "tid": "14387382", 
        "price": "120600000", 
        "type": "buy", 
        "amount": "0.08267072"
    }, 
    {
        "date": "1579362022", 
        "tid": "14387381", 
        "price": "120600000", 
        "type": "sell", 
        "amount": "0.00076023"
    }, 
    {
        "date": "1579362019", 
        "tid": "14387380", 
        "price": "120600000", 
        "type": "sell", 
        "amount": "0.00062422"
    }, 
    {
        "date": "1579362015", 
        "tid": "14387379", 
        "price": "120601000", 
        "type": "sell", 
        "amount": "0.22967040"
    }, 
    {
        "date": "1579362005", 
        "tid": "14387378", 
        "price": "120601000", 
        "type": "sell", 
        "amount": "0.24300000"
    }, 
    {
        "date": "1579362005", 
        "tid": "14387377", 
        "price": "120601000", 
        "type": "sell", 
        "amount": "0.24300000"
    }, 
    {
        "date": "1579362001", 
        "tid": "14387376", 
        "price": "120601000", 
        "type": "sell", 
        "amount": "0.00203425"
    }, 
    {
        "date": "1579361997", 
        "tid": "14387375", 
        "price": "120602000", 
        "type": "buy", 
        "amount": "0.00231610"
    }, 
    {
        "date": "1579361931", 
        "tid": "14387374", 
        "price": "120602000", 
        "type": "sell", 
        "amount": "0.04750236"
    }, 
    {
        "date": "1579361830", 
        "tid": "14387373", 
        "price": "120602000", 
        "type": "sell", 
        "amount": "0.00113408"
    }, 
    {
        "date": "1579361821", 
        "tid": "14387372", 
        "price": "120602000", 
        "type": "buy", 
        "amount": "0.03234199"
    }, 
    {
        "date": "1579361793", 
        "tid": "14387371", 
        "price": "120601000", 
        "type": "sell", 
        "amount": "0.00042499"
    }, 
    {
        "date": "1579361785", 
        "tid": "14387370", 
        "price": "120601000", 
        "type": "sell", 
        "amount": "0.00042930"
    }, 
    {
        "date": "1579361784", 
        "tid": "14387369", 
        "price": "120601000", 
        "type": "sell", 
        "amount": "0.00049254"
    }, 
    {
        "date": "1579361776", 
        "tid": "14387368", 
        "price": "120601000", 
        "type": "sell", 
        "amount": "0.00048830"
    }, 
    {
        "date": "1579361763", 
        "tid": "14387367", 
        "price": "120650000", 
        "type": "buy", 
        "amount": "0.00042145"
    }, 
    {
        "date": "1579361734", 
        "tid": "14387366", 
        "price": "120601000", 
        "type": "sell", 
        "amount": "0.01001220"
    }, 
    {
        "date": "1579361724", 
        "tid": "14387365", 
        "price": "120601000", 
        "type": "sell", 
        "amount": "0.00844548"
    }, 
    {
        "date": "1579361683", 
        "tid": "14387364", 
        "price": "120601000", 
        "type": "sell", 
        "amount": "0.01338007"
    }, 
    {
        "date": "1579361683", 
        "tid": "14387363", 
        "price": "120617000", 
        "type": "sell", 
        "amount": "0.00112200"
    }, 
    {
        "date": "1579361683", 
        "tid": "14387362", 
        "price": "120619000", 
        "type": "sell", 
        "amount": "0.00256591"
    }, 
    {
        "date": "1579361683", 
        "tid": "14387361", 
        "price": "120622000", 
        "type": "sell", 
        "amount": "0.00244108"
    }, 
    {
        "date": "1579361683", 
        "tid": "14387360", 
        "price": "120632000", 
        "type": "sell", 
        "amount": "0.00044033"
    }, 
    {
        "date": "1579361683", 
        "tid": "14387359", 
        "price": "120650000", 
        "type": "sell", 
        "amount": "0.00423500"
    }, 
    {
        "date": "1579361674", 
        "tid": "14387358", 
        "price": "120650000", 
        "type": "sell", 
        "amount": "0.00042429"
    }, 
    {
        "date": "1579361655", 
        "tid": "14387357", 
        "price": "120653000", 
        "type": "sell", 
        "amount": "0.00244107"
    }, 
    {
        "date": "1579361655", 
        "tid": "14387356", 
        "price": "120659000", 
        "type": "sell", 
        "amount": "0.00077960"
    }, 
    {
        "date": "1579361655", 
        "tid": "14387355", 
        "price": "120670000", 
        "type": "sell", 
        "amount": "0.00067890"
    }, 
    {
        "date": "1579361579", 
        "tid": "14387354", 
        "price": "120683000", 
        "type": "sell", 
        "amount": "0.00244108"
    }, 
    {
        "date": "1579361571", 
        "tid": "14387353", 
        "price": "120700000", 
        "type": "sell", 
        "amount": "0.00828500"
    }, 
    {
        "date": "1579361561", 
        "tid": "14387352", 
        "price": "120714000", 
        "type": "sell", 
        "amount": "0.00201662"
    }, 
    {
        "date": "1579361557", 
        "tid": "14387351", 
        "price": "120714000", 
        "type": "sell", 
        "amount": "0.00042446"
    }, 
    {
        "date": "1579361531", 
        "tid": "14387350", 
        "price": "120720000", 
        "type": "sell", 
        "amount": "0.01242544"
    }, 
    {
        "date": "1579361523", 
        "tid": "14387349", 
        "price": "120744000", 
        "type": "sell", 
        "amount": "0.00322068"
    }, 
    {
        "date": "1579361520", 
        "tid": "14387348", 
        "price": "120745000", 
        "type": "sell", 
        "amount": "0.03558685"
    }, 
    {
        "date": "1579361512", 
        "tid": "14387347", 
        "price": "120746000", 
        "type": "buy", 
        "amount": "0.00049011"
    }, 
    {
        "date": "1579361496", 
        "tid": "14387346", 
        "price": "120745000", 
        "type": "sell", 
        "amount": "0.00627076"
    }, 
    {
        "date": "1579361496", 
        "tid": "14387345", 
        "price": "120750000", 
        "type": "sell", 
        "amount": "0.00050471"
    }, 
    {
        "date": "1579361496", 
        "tid": "14387344", 
        "price": "120775000", 
        "type": "sell", 
        "amount": "0.00087748"
    }, 
    {
        "date": "1579361496", 
        "tid": "14387343", 
        "price": "120776000", 
        "type": "sell", 
        "amount": "0.00082797"
    }, 
    {
        "date": "1579361486", 
        "tid": "14387342", 
        "price": "120777000", 
        "type": "buy", 
        "amount": "0.02179308"
    }, 
    {
        "date": "1579361483", 
        "tid": "14387341", 
        "price": "120777000", 
        "type": "sell", 
        "amount": "0.00943136"
    }, 
    {
        "date": "1579361474", 
        "tid": "14387340", 
        "price": "120790000", 
        "type": "sell", 
        "amount": "0.00082788"
    }, 
    {
        "date": "1579361474", 
        "tid": "14387339", 
        "price": "120806000", 
        "type": "sell", 
        "amount": "0.00244107"
    }, 
    {
        "date": "1579361466", 
        "tid": "14387338", 
        "price": "120829000", 
        "type": "sell", 
        "amount": "0.00077959"
    }, 
    {
        "date": "1579361460", 
        "tid": "14387337", 
        "price": "120836000", 
        "type": "sell", 
        "amount": "0.00158780"
    }, 
    {
        "date": "1579361388", 
        "tid": "14387336", 
        "price": "120836000", 
        "type": "sell", 
        "amount": "0.00085329"
    }, 
    {
        "date": "1579361382", 
        "tid": "14387335", 
        "price": "120867000", 
        "type": "sell", 
        "amount": "0.01485139"
    }, 
    {
        "date": "1579361312", 
        "tid": "14387334", 
        "price": "120867000", 
        "type": "sell", 
        "amount": "0.00044306"
    }, 
    {
        "date": "1579361261", 
        "tid": "14387333", 
        "price": "120898000", 
        "type": "buy", 
        "amount": "0.43302633"
    }, 
    {
        "date": "1579361261", 
        "tid": "14387332", 
        "price": "120897000", 
        "type": "buy", 
        "amount": "0.00244108"
    }, 
    {
        "date": "1579361261", 
        "tid": "14387331", 
        "price": "120868000", 
        "type": "buy", 
        "amount": "0.14183649"
    }, 
    {
        "date": "1579361253", 
        "tid": "14387330", 
        "price": "120868000", 
        "type": "buy", 
        "amount": "0.01512205"
    }, 
    {
        "date": "1579361242", 
        "tid": "14387329", 
        "price": "120867000", 
        "type": "sell", 
        "amount": "0.00100000"
    }, 
    {
        "date": "1579361233", 
        "tid": "14387328", 
        "price": "120867000", 
        "type": "sell", 
        "amount": "0.00154208"
    }, 
    {
        "date": "1579361214", 
        "tid": "14387327", 
        "price": "120868000", 
        "type": "buy", 
        "amount": "0.01155251"
    }, 
    {
        "date": "1579361144", 
        "tid": "14387326", 
        "price": "120868000", 
        "type": "buy", 
        "amount": "0.03012085"
    }, 
    {
        "date": "1579361090", 
        "tid": "14387325", 
        "price": "120867000", 
        "type": "sell", 
        "amount": "0.01487733"
    }, 
    {
        "date": "1579360950", 
        "tid": "14387324", 
        "price": "120868000", 
        "type": "buy", 
        "amount": "0.00042069"
    }, 
    {
        "date": "1579360929", 
        "tid": "14387323", 
        "price": "120868000", 
        "type": "buy", 
        "amount": "0.02035212"
    }, 
    {
        "date": "1579360920", 
        "tid": "14387322", 
        "price": "120897000", 
        "type": "sell", 
        "amount": "0.00041637"
    }, 
    {
        "date": "1579360811", 
        "tid": "14387321", 
        "price": "120898000", 
        "type": "buy", 
        "amount": "0.12370043"
    }, 
    {
        "date": "1579360784", 
        "tid": "14387320", 
        "price": "120898000", 
        "type": "buy", 
        "amount": "0.00792987"
    }, 
    {
        "date": "1579360778", 
        "tid": "14387319", 
        "price": "120898000", 
        "type": "buy", 
        "amount": "0.00120850"
    }, 
    {
        "date": "1579360777", 
        "tid": "14387318", 
        "price": "120898000", 
        "type": "buy", 
        "amount": "0.00100448"
    }, 
    {
        "date": "1579360769", 
        "tid": "14387317", 
        "price": "120897000", 
        "type": "sell", 
        "amount": "0.00384224"
    }, 
    {
        "date": "1579360730", 
        "tid": "14387316", 
        "price": "120898000", 
        "type": "buy", 
        "amount": "0.07467383"
    }, 
    {
        "date": "1579360716", 
        "tid": "14387315", 
        "price": "120897000", 
        "type": "sell", 
        "amount": "0.00379772"
    }, 
    {
        "date": "1579360662", 
        "tid": "14387314", 
        "price": "120898000", 
        "type": "buy", 
        "amount": "0.08246695"
    }, 
    {
        "date": "1579360638", 
        "tid": "14387313", 
        "price": "120898000", 
        "type": "buy", 
        "amount": "0.04123347"
    }, 
    {
        "date": "1579360638", 
        "tid": "14387312", 
        "price": "120898000", 
        "type": "buy", 
        "amount": "0.22831505"
    }, 
    {
        "date": "1579360637", 
        "tid": "14387311", 
        "price": "120898000", 
        "type": "buy", 
        "amount": "0.22831505"
    }, 
    {
        "date": "1579360631", 
        "tid": "14387310", 
        "price": "120898000", 
        "type": "buy", 
        "amount": "0.00042058"
    }, 
    {
        "date": "1579360623", 
        "tid": "14387309", 
        "price": "120898000", 
        "type": "buy", 
        "amount": "0.00042058"
    }, 
    {
        "date": "1579360615", 
        "tid": "14387308", 
        "price": "120898000", 
        "type": "buy", 
        "amount": "0.00042058"
    }, 
    {
        "date": "1579360606", 
        "tid": "14387307", 
        "price": "120898000", 
        "type": "buy", 
        "amount": "0.00042058"
    }, 
    {
        "date": "1579360598", 
        "tid": "14387306", 
        "price": "120898000", 
        "type": "buy", 
        "amount": "0.00042058"
    }, 
    {
        "date": "1579360596", 
        "tid": "14387305", 
        "price": "120898000", 
        "type": "buy", 
        "amount": "0.00090713"
    }, 
    {
        "date": "1579360596", 
        "tid": "14387304", 
        "price": "120898000", 
        "type": "buy", 
        "amount": "0.00120296"
    }, 
    {
        "date": "1579360593", 
        "tid": "14387303", 
        "price": "120898000", 
        "type": "buy", 
        "amount": "0.00098961"
    }, 
    {
        "date": "1579360590", 
        "tid": "14387302", 
        "price": "120898000", 
        "type": "buy", 
        "amount": "0.00042058"
    }, 
    {
        "date": "1579360590", 
        "tid": "14387301", 
        "price": "120898000", 
        "type": "buy", 
        "amount": "0.00046305"
    }, 
    {
        "date": "1579360582", 
        "tid": "14387300", 
        "price": "120898000", 
        "type": "buy", 
        "amount": "0.00042058"
    }, 
    {
        "date": "1579360580", 
        "tid": "14387299", 
        "price": "120898000", 
        "type": "buy", 
        "amount": "0.03234199"
    }, 
    {
        "date": "1579360574", 
        "tid": "14387298", 
        "price": "120897000", 
        "type": "sell", 
        "amount": "0.01606972"
    }, 
    {
        "date": "1579360517", 
        "tid": "14387297", 
        "price": "120898000", 
        "type": "buy", 
        "amount": "0.00042058"
    }, 
    {
        "date": "1579360508", 
        "tid": "14387296", 
        "price": "120898000", 
        "type": "buy", 
        "amount": "0.00042058"
    }, 
    {
        "date": "1579360497", 
        "tid": "14387295", 
        "price": "120898000", 
        "type": "buy", 
        "amount": "0.24347243"
    }, 
    {
        "date": "1579360493", 
        "tid": "14387294", 
        "price": "120897000", 
        "type": "sell", 
        "amount": "0.00287964"
    }, 
    {
        "date": "1579360459", 
        "tid": "14387293", 
        "price": "120898000", 
        "type": "buy", 
        "amount": "0.00042058"
    }, 
    {
        "date": "1579360455", 
        "tid": "14387292", 
        "price": "120898000", 
        "type": "buy", 
        "amount": "0.00056549"
    }, 
    {
        "date": "1579360450", 
        "tid": "14387291", 
        "price": "120898000", 
        "type": "buy", 
        "amount": "0.00042058"
    }, 
    {
        "date": "1579360442", 
        "tid": "14387290", 
        "price": "120898000", 
        "type": "buy", 
        "amount": "0.00043014"
    }, 
    {
        "date": "1579360419", 
        "tid": "14387289", 
        "price": "120898000", 
        "type": "buy", 
        "amount": "0.00989603"
    }, 
    {
        "date": "1579360381", 
        "tid": "14387288", 
        "price": "120898000", 
        "type": "buy", 
        "amount": "0.20387335"
    }, 
    {
        "date": "1579360361", 
        "tid": "14387287", 
        "price": "120898000", 
        "type": "buy", 
        "amount": "0.00042058"
    }, 
    {
        "date": "1579360358", 
        "tid": "14387286", 
        "price": "120898000", 
        "type": "buy", 
        "amount": "0.00051001"
    }
]