[
    {
        "date": "1579331690", 
        "tid": "14385930", 
        "price": "120011000", 
        "type": "sell", 
        "amount": "0.02195415"
    }, 
    {
        "date": "1579331632", 
        "tid": "14385929", 
        "price": "120040000", 
        "type": "buy", 
        "amount": "0.11725157"
    }, 
    {
        "date": "1579331632", 
        "tid": "14385928", 
        "price": "120039000", 
        "type": "buy", 
        "amount": "0.03297490"
    }, 
    {
        "date": "1579331632", 
        "tid": "14385927", 
        "price": "120011000", 
        "type": "buy", 
        "amount": "0.00342898"
    }, 
    {
        "date": "1579331542", 
        "tid": "14385926", 
        "price": "120010000", 
        "type": "sell", 
        "amount": "0.00300000"
    }, 
    {
        "date": "1579331376", 
        "tid": "14385925", 
        "price": "120011000", 
        "type": "buy", 
        "amount": "0.00438902"
    }, 
    {
        "date": "1579331334", 
        "tid": "14385924", 
        "price": "120041000", 
        "type": "buy", 
        "amount": "0.01880536"
    }, 
    {
        "date": "1579331190", 
        "tid": "14385923", 
        "price": "120040000", 
        "type": "sell", 
        "amount": "0.00041652"
    }, 
    {
        "date": "1579331178", 
        "tid": "14385922", 
        "price": "120069000", 
        "type": "buy", 
        "amount": "0.02091849"
    }, 
    {
        "date": "1579331156", 
        "tid": "14385921", 
        "price": "120069000", 
        "type": "buy", 
        "amount": "0.00198872"
    }, 
    {
        "date": "1579331156", 
        "tid": "14385920", 
        "price": "120050000", 
        "type": "buy", 
        "amount": "0.00058503"
    }, 
    {
        "date": "1579331156", 
        "tid": "14385919", 
        "price": "120040000", 
        "type": "buy", 
        "amount": "0.00244245"
    }, 
    {
        "date": "1579331144", 
        "tid": "14385918", 
        "price": "119991000", 
        "type": "sell", 
        "amount": "0.00237062"
    }, 
    {
        "date": "1579331144", 
        "tid": "14385917", 
        "price": "119995000", 
        "type": "sell", 
        "amount": "0.00819838"
    }, 
    {
        "date": "1579331093", 
        "tid": "14385916", 
        "price": "120010000", 
        "type": "sell", 
        "amount": "0.00999000"
    }, 
    {
        "date": "1579331080", 
        "tid": "14385915", 
        "price": "120069000", 
        "type": "buy", 
        "amount": "0.00941291"
    }, 
    {
        "date": "1579331067", 
        "tid": "14385914", 
        "price": "120010000", 
        "type": "sell", 
        "amount": "0.00660000"
    }, 
    {
        "date": "1579331034", 
        "tid": "14385913", 
        "price": "120039000", 
        "type": "buy", 
        "amount": "0.00941526"
    }, 
    {
        "date": "1579330956", 
        "tid": "14385912", 
        "price": "120039000", 
        "type": "sell", 
        "amount": "0.00083306"
    }, 
    {
        "date": "1579330914", 
        "tid": "14385911", 
        "price": "120070000", 
        "type": "buy", 
        "amount": "0.00819326"
    }, 
    {
        "date": "1579330914", 
        "tid": "14385910", 
        "price": "120042000", 
        "type": "buy", 
        "amount": "0.00117139"
    }, 
    {
        "date": "1579330914", 
        "tid": "14385909", 
        "price": "120041000", 
        "type": "buy", 
        "amount": "0.00085794"
    }, 
    {
        "date": "1579330914", 
        "tid": "14385908", 
        "price": "120040000", 
        "type": "buy", 
        "amount": "0.00207972"
    }, 
    {
        "date": "1579330875", 
        "tid": "14385907", 
        "price": "119993000", 
        "type": "sell", 
        "amount": "0.00042961"
    }, 
    {
        "date": "1579330725", 
        "tid": "14385906", 
        "price": "119990000", 
        "type": "sell", 
        "amount": "0.00133661"
    }, 
    {
        "date": "1579330545", 
        "tid": "14385905", 
        "price": "120040000", 
        "type": "buy", 
        "amount": "0.00203488"
    }, 
    {
        "date": "1579330515", 
        "tid": "14385904", 
        "price": "119982000", 
        "type": "sell", 
        "amount": "0.01107669"
    }, 
    {
        "date": "1579330445", 
        "tid": "14385903", 
        "price": "119996000", 
        "type": "sell", 
        "amount": "0.06529502"
    }, 
    {
        "date": "1579330445", 
        "tid": "14385902", 
        "price": "120000000", 
        "type": "sell", 
        "amount": "0.00944443"
    }, 
    {
        "date": "1579330445", 
        "tid": "14385901", 
        "price": "120010000", 
        "type": "sell", 
        "amount": "0.00244244"
    }, 
    {
        "date": "1579330445", 
        "tid": "14385900", 
        "price": "120012000", 
        "type": "sell", 
        "amount": "0.00829532"
    }, 
    {
        "date": "1579330445", 
        "tid": "14385899", 
        "price": "120040000", 
        "type": "sell", 
        "amount": "0.00244246"
    }, 
    {
        "date": "1579330445", 
        "tid": "14385898", 
        "price": "120041000", 
        "type": "sell", 
        "amount": "0.01953450"
    }, 
    {
        "date": "1579330362", 
        "tid": "14385897", 
        "price": "120041000", 
        "type": "sell", 
        "amount": "0.01605052"
    }, 
    {
        "date": "1579330355", 
        "tid": "14385896", 
        "price": "120098000", 
        "type": "buy", 
        "amount": "0.00419350"
    }, 
    {
        "date": "1579330355", 
        "tid": "14385895", 
        "price": "120042000", 
        "type": "buy", 
        "amount": "0.00118264"
    }, 
    {
        "date": "1579330352", 
        "tid": "14385894", 
        "price": "120041000", 
        "type": "sell", 
        "amount": "0.00043844"
    }, 
    {
        "date": "1579330313", 
        "tid": "14385893", 
        "price": "120041000", 
        "type": "sell", 
        "amount": "0.10142142"
    }, 
    {
        "date": "1579330141", 
        "tid": "14385892", 
        "price": "120098000", 
        "type": "sell", 
        "amount": "0.61785233"
    }, 
    {
        "date": "1579330063", 
        "tid": "14385891", 
        "price": "120099000", 
        "type": "buy", 
        "amount": "0.00166032"
    }, 
    {
        "date": "1579330032", 
        "tid": "14385890", 
        "price": "120099000", 
        "type": "buy", 
        "amount": "0.00685307"
    }, 
    {
        "date": "1579330005", 
        "tid": "14385889", 
        "price": "120099000", 
        "type": "buy", 
        "amount": "0.00510173"
    }, 
    {
        "date": "1579329998", 
        "tid": "14385888", 
        "price": "120099000", 
        "type": "buy", 
        "amount": "0.00464486"
    }, 
    {
        "date": "1579329990", 
        "tid": "14385887", 
        "price": "120099000", 
        "type": "buy", 
        "amount": "0.00761452"
    }, 
    {
        "date": "1579329982", 
        "tid": "14385886", 
        "price": "120099000", 
        "type": "buy", 
        "amount": "0.00761454"
    }, 
    {
        "date": "1579329968", 
        "tid": "14385885", 
        "price": "120099000", 
        "type": "buy", 
        "amount": "0.07801806"
    }, 
    {
        "date": "1579329953", 
        "tid": "14385884", 
        "price": "120099000", 
        "type": "buy", 
        "amount": "0.00761453"
    }, 
    {
        "date": "1579329930", 
        "tid": "14385883", 
        "price": "120099000", 
        "type": "buy", 
        "amount": "0.00761452"
    }, 
    {
        "date": "1579329866", 
        "tid": "14385882", 
        "price": "120099000", 
        "type": "buy", 
        "amount": "0.08984798"
    }, 
    {
        "date": "1579329761", 
        "tid": "14385881", 
        "price": "120099000", 
        "type": "buy", 
        "amount": "0.00045669"
    }, 
    {
        "date": "1579329733", 
        "tid": "14385880", 
        "price": "120099000", 
        "type": "buy", 
        "amount": "0.04150779"
    }, 
    {
        "date": "1579329709", 
        "tid": "14385879", 
        "price": "120099000", 
        "type": "buy", 
        "amount": "0.00166031"
    }, 
    {
        "date": "1579329634", 
        "tid": "14385878", 
        "price": "120099000", 
        "type": "buy", 
        "amount": "0.01587818"
    }, 
    {
        "date": "1579329634", 
        "tid": "14385877", 
        "price": "120071000", 
        "type": "buy", 
        "amount": "0.00244245"
    }, 
    {
        "date": "1579329634", 
        "tid": "14385876", 
        "price": "120040000", 
        "type": "buy", 
        "amount": "0.00326563"
    }, 
    {
        "date": "1579329610", 
        "tid": "14385875", 
        "price": "120000000", 
        "type": "sell", 
        "amount": "0.00117057"
    }, 
    {
        "date": "1579329488", 
        "tid": "14385874", 
        "price": "120000000", 
        "type": "buy", 
        "amount": "0.00196823"
    }, 
    {
        "date": "1579329487", 
        "tid": "14385873", 
        "price": "120000000", 
        "type": "buy", 
        "amount": "0.00304148"
    }, 
    {
        "date": "1579329486", 
        "tid": "14385872", 
        "price": "120000000", 
        "type": "buy", 
        "amount": "0.00173799"
    }, 
    {
        "date": "1579329485", 
        "tid": "14385871", 
        "price": "120010000", 
        "type": "sell", 
        "amount": "0.00244244"
    }, 
    {
        "date": "1579329485", 
        "tid": "14385870", 
        "price": "120040000", 
        "type": "sell", 
        "amount": "0.00244246"
    }, 
    {
        "date": "1579329479", 
        "tid": "14385869", 
        "price": "120099000", 
        "type": "buy", 
        "amount": "0.00546817"
    }, 
    {
        "date": "1579329434", 
        "tid": "14385868", 
        "price": "120099000", 
        "type": "buy", 
        "amount": "0.00584430"
    }, 
    {
        "date": "1579329387", 
        "tid": "14385867", 
        "price": "120040000", 
        "type": "sell", 
        "amount": "0.00813971"
    }, 
    {
        "date": "1579329368", 
        "tid": "14385866", 
        "price": "120099000", 
        "type": "buy", 
        "amount": "0.06028090"
    }, 
    {
        "date": "1579329368", 
        "tid": "14385865", 
        "price": "120094000", 
        "type": "buy", 
        "amount": "0.00262238"
    }, 
    {
        "date": "1579329368", 
        "tid": "14385864", 
        "price": "120091000", 
        "type": "buy", 
        "amount": "0.01000000"
    }, 
    {
        "date": "1579329368", 
        "tid": "14385863", 
        "price": "120090000", 
        "type": "buy", 
        "amount": "0.01011387"
    }, 
    {
        "date": "1579329367", 
        "tid": "14385862", 
        "price": "120040000", 
        "type": "sell", 
        "amount": "0.00041661"
    }, 
    {
        "date": "1579329341", 
        "tid": "14385861", 
        "price": "120090000", 
        "type": "buy", 
        "amount": "0.00586012"
    }, 
    {
        "date": "1579329341", 
        "tid": "14385860", 
        "price": "120071000", 
        "type": "buy", 
        "amount": "0.00244245"
    }, 
    {
        "date": "1579329304", 
        "tid": "14385859", 
        "price": "120040000", 
        "type": "sell", 
        "amount": "0.00907996"
    }, 
    {
        "date": "1579329204", 
        "tid": "14385858", 
        "price": "120090000", 
        "type": "buy", 
        "amount": "0.00878728"
    }, 
    {
        "date": "1579329202", 
        "tid": "14385857", 
        "price": "120090000", 
        "type": "buy", 
        "amount": "0.00114041"
    }, 
    {
        "date": "1579329154", 
        "tid": "14385856", 
        "price": "120090000", 
        "type": "buy", 
        "amount": "0.00104855"
    }, 
    {
        "date": "1579329142", 
        "tid": "14385855", 
        "price": "120090000", 
        "type": "buy", 
        "amount": "0.00041511"
    }, 
    {
        "date": "1579329119", 
        "tid": "14385854", 
        "price": "120090000", 
        "type": "buy", 
        "amount": "0.00476973"
    }, 
    {
        "date": "1579329095", 
        "tid": "14385853", 
        "price": "120090000", 
        "type": "buy", 
        "amount": "0.00532249"
    }, 
    {
        "date": "1579329095", 
        "tid": "14385852", 
        "price": "120090000", 
        "type": "buy", 
        "amount": "0.00581153"
    }, 
    {
        "date": "1579329047", 
        "tid": "14385851", 
        "price": "120090000", 
        "type": "buy", 
        "amount": "0.00761510"
    }, 
    {
        "date": "1579329017", 
        "tid": "14385850", 
        "price": "120090000", 
        "type": "buy", 
        "amount": "0.02645304"
    }, 
    {
        "date": "1579329017", 
        "tid": "14385849", 
        "price": "120089000", 
        "type": "buy", 
        "amount": "0.01273403"
    }, 
    {
        "date": "1579329017", 
        "tid": "14385848", 
        "price": "120071000", 
        "type": "buy", 
        "amount": "0.00244245"
    }, 
    {
        "date": "1579329017", 
        "tid": "14385847", 
        "price": "120050000", 
        "type": "buy", 
        "amount": "0.00240658"
    }, 
    {
        "date": "1579328986", 
        "tid": "14385846", 
        "price": "120050000", 
        "type": "buy", 
        "amount": "0.00761763"
    }, 
    {
        "date": "1579328979", 
        "tid": "14385845", 
        "price": "120050000", 
        "type": "buy", 
        "amount": "0.00761765"
    }, 
    {
        "date": "1579328964", 
        "tid": "14385844", 
        "price": "120040000", 
        "type": "buy", 
        "amount": "0.00208175"
    }, 
    {
        "date": "1579328951", 
        "tid": "14385843", 
        "price": "120040000", 
        "type": "buy", 
        "amount": "0.00036070"
    }, 
    {
        "date": "1579328951", 
        "tid": "14385842", 
        "price": "120035000", 
        "type": "buy", 
        "amount": "0.00725788"
    }, 
    {
        "date": "1579328938", 
        "tid": "14385841", 
        "price": "120035000", 
        "type": "buy", 
        "amount": "0.00103585"
    }, 
    {
        "date": "1579328938", 
        "tid": "14385840", 
        "price": "120010000", 
        "type": "buy", 
        "amount": "0.00244245"
    }, 
    {
        "date": "1579328938", 
        "tid": "14385839", 
        "price": "120000000", 
        "type": "buy", 
        "amount": "0.00374595"
    }, 
    {
        "date": "1579328938", 
        "tid": "14385838", 
        "price": "119999000", 
        "type": "buy", 
        "amount": "0.00039608"
    }, 
    {
        "date": "1579328930", 
        "tid": "14385837", 
        "price": "119999000", 
        "type": "buy", 
        "amount": "0.00378844"
    }, 
    {
        "date": "1579328930", 
        "tid": "14385836", 
        "price": "119979000", 
        "type": "buy", 
        "amount": "0.00244245"
    }, 
    {
        "date": "1579328930", 
        "tid": "14385835", 
        "price": "119948000", 
        "type": "buy", 
        "amount": "0.00139099"
    }, 
    {
        "date": "1579328666", 
        "tid": "14385834", 
        "price": "119948000", 
        "type": "buy", 
        "amount": "0.00105146"
    }, 
    {
        "date": "1579328666", 
        "tid": "14385833", 
        "price": "119936000", 
        "type": "buy", 
        "amount": "0.00421412"
    }, 
    {
        "date": "1579328666", 
        "tid": "14385832", 
        "price": "119918000", 
        "type": "buy", 
        "amount": "0.00244245"
    }, 
    {
        "date": "1579328568", 
        "tid": "14385831", 
        "price": "119887000", 
        "type": "buy", 
        "amount": "0.01915576"
    }, 
    {
        "date": "1579328536", 
        "tid": "14385830", 
        "price": "119886000", 
        "type": "sell", 
        "amount": "0.00174075"
    }, 
    {
        "date": "1579328416", 
        "tid": "14385829", 
        "price": "119850000", 
        "type": "sell", 
        "amount": "0.00431362"
    }, 
    {
        "date": "1579328375", 
        "tid": "14385828", 
        "price": "119850000", 
        "type": "sell", 
        "amount": "0.00111510"
    }, 
    {
        "date": "1579328375", 
        "tid": "14385827", 
        "price": "119857000", 
        "type": "sell", 
        "amount": "0.00244245"
    }, 
    {
        "date": "1579328375", 
        "tid": "14385826", 
        "price": "119887000", 
        "type": "sell", 
        "amount": "0.00244245"
    }, 
    {
        "date": "1579328345", 
        "tid": "14385825", 
        "price": "119936000", 
        "type": "buy", 
        "amount": "0.00010418"
    }, 
    {
        "date": "1579328345", 
        "tid": "14385824", 
        "price": "119918000", 
        "type": "buy", 
        "amount": "0.00244245"
    }, 
    {
        "date": "1579328345", 
        "tid": "14385823", 
        "price": "119887000", 
        "type": "buy", 
        "amount": "0.00244245"
    }, 
    {
        "date": "1579328324", 
        "tid": "14385822", 
        "price": "119848000", 
        "type": "sell", 
        "amount": "0.00730531"
    }, 
    {
        "date": "1579328324", 
        "tid": "14385821", 
        "price": "119849000", 
        "type": "sell", 
        "amount": "0.00166159"
    }, 
    {
        "date": "1579328318", 
        "tid": "14385820", 
        "price": "119849000", 
        "type": "sell", 
        "amount": "0.01096620"
    }, 
    {
        "date": "1579328236", 
        "tid": "14385819", 
        "price": "119845000", 
        "type": "sell", 
        "amount": "0.00500000"
    }, 
    {
        "date": "1579328211", 
        "tid": "14385818", 
        "price": "119845000", 
        "type": "sell", 
        "amount": "0.00164532"
    }, 
    {
        "date": "1579328210", 
        "tid": "14385817", 
        "price": "119845000", 
        "type": "sell", 
        "amount": "0.06294249"
    }, 
    {
        "date": "1579328158", 
        "tid": "14385816", 
        "price": "119845000", 
        "type": "sell", 
        "amount": "0.00965554"
    }, 
    {
        "date": "1579328108", 
        "tid": "14385815", 
        "price": "119845000", 
        "type": "sell", 
        "amount": "0.00040984"
    }, 
    {
        "date": "1579328108", 
        "tid": "14385814", 
        "price": "119857000", 
        "type": "sell", 
        "amount": "0.00244245"
    }, 
    {
        "date": "1579328108", 
        "tid": "14385813", 
        "price": "119858000", 
        "type": "sell", 
        "amount": "0.00074469"
    }, 
    {
        "date": "1579328108", 
        "tid": "14385812", 
        "price": "119873000", 
        "type": "sell", 
        "amount": "0.00256593"
    }, 
    {
        "date": "1579328108", 
        "tid": "14385811", 
        "price": "119887000", 
        "type": "sell", 
        "amount": "0.00244245"
    }, 
    {
        "date": "1579328108", 
        "tid": "14385810", 
        "price": "119890000", 
        "type": "sell", 
        "amount": "0.00417048"
    }, 
    {
        "date": "1579328108", 
        "tid": "14385809", 
        "price": "119893000", 
        "type": "sell", 
        "amount": "0.00058706"
    }, 
    {
        "date": "1579328108", 
        "tid": "14385808", 
        "price": "119900000", 
        "type": "sell", 
        "amount": "0.00619677"
    }, 
    {
        "date": "1579328108", 
        "tid": "14385807", 
        "price": "119901000", 
        "type": "sell", 
        "amount": "0.00044033"
    }, 
    {
        "date": "1579328103", 
        "tid": "14385806", 
        "price": "119909000", 
        "type": "sell", 
        "amount": "0.00054281"
    }, 
    {
        "date": "1579328081", 
        "tid": "14385805", 
        "price": "119918000", 
        "type": "sell", 
        "amount": "0.00244245"
    }, 
    {
        "date": "1579328081", 
        "tid": "14385804", 
        "price": "119919000", 
        "type": "buy", 
        "amount": "0.04157011"
    }, 
    {
        "date": "1579328054", 
        "tid": "14385803", 
        "price": "119931000", 
        "type": "sell", 
        "amount": "0.00185620"
    }, 
    {
        "date": "1579328051", 
        "tid": "14385802", 
        "price": "119935000", 
        "type": "buy", 
        "amount": "0.00041565"
    }, 
    {
        "date": "1579328042", 
        "tid": "14385801", 
        "price": "119935000", 
        "type": "sell", 
        "amount": "0.21952921"
    }, 
    {
        "date": "1579327989", 
        "tid": "14385800", 
        "price": "119936000", 
        "type": "buy", 
        "amount": "0.00415642"
    }, 
    {
        "date": "1579327969", 
        "tid": "14385799", 
        "price": "119948000", 
        "type": "sell", 
        "amount": "0.00244246"
    }, 
    {
        "date": "1579327949", 
        "tid": "14385798", 
        "price": "119978000", 
        "type": "sell", 
        "amount": "0.01021621"
    }, 
    {
        "date": "1579327944", 
        "tid": "14385797", 
        "price": "119979000", 
        "type": "buy", 
        "amount": "0.00415493"
    }, 
    {
        "date": "1579327927", 
        "tid": "14385796", 
        "price": "119979000", 
        "type": "sell", 
        "amount": "0.00916826"
    }, 
    {
        "date": "1579327841", 
        "tid": "14385795", 
        "price": "120003000", 
        "type": "buy", 
        "amount": "0.00087301"
    }, 
    {
        "date": "1579327841", 
        "tid": "14385794", 
        "price": "119979000", 
        "type": "buy", 
        "amount": "0.00244245"
    }, 
    {
        "date": "1579327808", 
        "tid": "14385793", 
        "price": "119935000", 
        "type": "sell", 
        "amount": "0.28074177"
    }, 
    {
        "date": "1579327808", 
        "tid": "14385792", 
        "price": "119936000", 
        "type": "sell", 
        "amount": "0.00270221"
    }, 
    {
        "date": "1579327808", 
        "tid": "14385791", 
        "price": "119948000", 
        "type": "sell", 
        "amount": "0.00244246"
    }, 
    {
        "date": "1579327808", 
        "tid": "14385790", 
        "price": "119950000", 
        "type": "sell", 
        "amount": "0.00147806"
    }, 
    {
        "date": "1579327808", 
        "tid": "14385789", 
        "price": "119979000", 
        "type": "sell", 
        "amount": "0.00244246"
    }, 
    {
        "date": "1579327808", 
        "tid": "14385788", 
        "price": "120000000", 
        "type": "sell", 
        "amount": "0.00083333"
    }, 
    {
        "date": "1579327808", 
        "tid": "14385787", 
        "price": "120002000", 
        "type": "sell", 
        "amount": "0.41665971"
    }, 
    {
        "date": "1579327808", 
        "tid": "14385786", 
        "price": "120010000", 
        "type": "sell", 
        "amount": "0.00244244"
    }, 
    {
        "date": "1579327808", 
        "tid": "14385785", 
        "price": "120011000", 
        "type": "sell", 
        "amount": "0.00272315"
    }, 
    {
        "date": "1579327787", 
        "tid": "14385784", 
        "price": "120040000", 
        "type": "sell", 
        "amount": "0.00244246"
    }, 
    {
        "date": "1579327779", 
        "tid": "14385783", 
        "price": "120044000", 
        "type": "buy", 
        "amount": "0.00122712"
    }, 
    {
        "date": "1579327756", 
        "tid": "14385782", 
        "price": "120050000", 
        "type": "sell", 
        "amount": "0.06294395"
    }, 
    {
        "date": "1579327754", 
        "tid": "14385781", 
        "price": "120051000", 
        "type": "buy", 
        "amount": "0.00166097"
    }
]