[
    {
        "date": "1579316592", 
        "tid": "14385257", 
        "price": "120574000", 
        "type": "sell", 
        "amount": "0.01004566"
    }, 
    {
        "date": "1579316537", 
        "tid": "14385256", 
        "price": "120574000", 
        "type": "sell", 
        "amount": "0.00261323"
    }, 
    {
        "date": "1579316499", 
        "tid": "14385255", 
        "price": "120574000", 
        "type": "sell", 
        "amount": "0.00274558"
    }, 
    {
        "date": "1579316430", 
        "tid": "14385254", 
        "price": "120518000", 
        "type": "sell", 
        "amount": "0.00135267"
    }, 
    {
        "date": "1579316430", 
        "tid": "14385253", 
        "price": "120519000", 
        "type": "sell", 
        "amount": "0.00422642"
    }, 
    {
        "date": "1579316430", 
        "tid": "14385252", 
        "price": "120520000", 
        "type": "sell", 
        "amount": "0.00295847"
    }, 
    {
        "date": "1579316430", 
        "tid": "14385251", 
        "price": "120521000", 
        "type": "sell", 
        "amount": "0.00169054"
    }, 
    {
        "date": "1579316430", 
        "tid": "14385250", 
        "price": "120564000", 
        "type": "sell", 
        "amount": "0.04147174"
    }, 
    {
        "date": "1579316430", 
        "tid": "14385249", 
        "price": "120565000", 
        "type": "sell", 
        "amount": "0.03787774"
    }, 
    {
        "date": "1579316430", 
        "tid": "14385248", 
        "price": "120575000", 
        "type": "sell", 
        "amount": "0.01222242"
    }, 
    {
        "date": "1579316285", 
        "tid": "14385247", 
        "price": "120566000", 
        "type": "buy", 
        "amount": "0.08787302"
    }, 
    {
        "date": "1579316275", 
        "tid": "14385246", 
        "price": "120566000", 
        "type": "buy", 
        "amount": "0.00826940"
    }, 
    {
        "date": "1579316187", 
        "tid": "14385245", 
        "price": "120565000", 
        "type": "sell", 
        "amount": "0.00506843"
    }, 
    {
        "date": "1579316187", 
        "tid": "14385244", 
        "price": "120612000", 
        "type": "sell", 
        "amount": "0.00244472"
    }, 
    {
        "date": "1579316187", 
        "tid": "14385243", 
        "price": "120617000", 
        "type": "sell", 
        "amount": "0.00112200"
    }, 
    {
        "date": "1579316187", 
        "tid": "14385242", 
        "price": "120618000", 
        "type": "sell", 
        "amount": "0.00100000"
    }, 
    {
        "date": "1579316187", 
        "tid": "14385241", 
        "price": "120627000", 
        "type": "sell", 
        "amount": "0.00136711"
    }, 
    {
        "date": "1579315995", 
        "tid": "14385240", 
        "price": "120863000", 
        "type": "buy", 
        "amount": "0.00973392"
    }, 
    {
        "date": "1579315918", 
        "tid": "14385239", 
        "price": "120866000", 
        "type": "buy", 
        "amount": "0.13719654"
    }, 
    {
        "date": "1579315918", 
        "tid": "14385238", 
        "price": "120843000", 
        "type": "buy", 
        "amount": "0.00112200"
    }, 
    {
        "date": "1579315918", 
        "tid": "14385237", 
        "price": "120823000", 
        "type": "buy", 
        "amount": "0.60000000"
    }, 
    {
        "date": "1579315918", 
        "tid": "14385236", 
        "price": "120816000", 
        "type": "buy", 
        "amount": "0.00244472"
    }, 
    {
        "date": "1579315918", 
        "tid": "14385235", 
        "price": "120801000", 
        "type": "buy", 
        "amount": "0.00074470"
    }, 
    {
        "date": "1579315918", 
        "tid": "14385234", 
        "price": "120800000", 
        "type": "buy", 
        "amount": "0.00363633"
    }, 
    {
        "date": "1579315918", 
        "tid": "14385233", 
        "price": "120789000", 
        "type": "buy", 
        "amount": "0.03038339"
    }, 
    {
        "date": "1579315918", 
        "tid": "14385232", 
        "price": "120788000", 
        "type": "buy", 
        "amount": "0.00429480"
    }, 
    {
        "date": "1579315918", 
        "tid": "14385231", 
        "price": "120787000", 
        "type": "buy", 
        "amount": "0.00217509"
    }, 
    {
        "date": "1579315918", 
        "tid": "14385230", 
        "price": "120786000", 
        "type": "buy", 
        "amount": "0.00152258"
    }, 
    {
        "date": "1579315918", 
        "tid": "14385229", 
        "price": "120785000", 
        "type": "buy", 
        "amount": "0.00087005"
    }, 
    {
        "date": "1579315918", 
        "tid": "14385228", 
        "price": "120750000", 
        "type": "buy", 
        "amount": "0.00050472"
    }, 
    {
        "date": "1579315918", 
        "tid": "14385227", 
        "price": "120746000", 
        "type": "buy", 
        "amount": "0.01222622"
    }, 
    {
        "date": "1579315918", 
        "tid": "14385226", 
        "price": "120742000", 
        "type": "buy", 
        "amount": "0.00075245"
    }, 
    {
        "date": "1579315918", 
        "tid": "14385225", 
        "price": "120741000", 
        "type": "buy", 
        "amount": "0.00100000"
    }, 
    {
        "date": "1579315918", 
        "tid": "14385224", 
        "price": "120734000", 
        "type": "buy", 
        "amount": "0.00100000"
    }, 
    {
        "date": "1579315918", 
        "tid": "14385223", 
        "price": "120733000", 
        "type": "buy", 
        "amount": "0.02530000"
    }, 
    {
        "date": "1579315822", 
        "tid": "14385222", 
        "price": "120739000", 
        "type": "buy", 
        "amount": "0.00082575"
    }, 
    {
        "date": "1579315768", 
        "tid": "14385221", 
        "price": "120426000", 
        "type": "sell", 
        "amount": "0.03120914"
    }, 
    {
        "date": "1579315768", 
        "tid": "14385220", 
        "price": "120440000", 
        "type": "sell", 
        "amount": "0.13151675"
    }, 
    {
        "date": "1579315768", 
        "tid": "14385219", 
        "price": "120450000", 
        "type": "sell", 
        "amount": "0.03468804"
    }, 
    {
        "date": "1579315768", 
        "tid": "14385218", 
        "price": "120500000", 
        "type": "sell", 
        "amount": "0.04199848"
    }, 
    {
        "date": "1579315768", 
        "tid": "14385217", 
        "price": "120502000", 
        "type": "sell", 
        "amount": "0.09633481"
    }, 
    {
        "date": "1579315768", 
        "tid": "14385216", 
        "price": "120503000", 
        "type": "sell", 
        "amount": "0.00100000"
    }, 
    {
        "date": "1579315768", 
        "tid": "14385215", 
        "price": "120518000", 
        "type": "sell", 
        "amount": "0.01554449"
    }, 
    {
        "date": "1579315768", 
        "tid": "14385214", 
        "price": "120565000", 
        "type": "sell", 
        "amount": "0.00074470"
    }, 
    {
        "date": "1579315768", 
        "tid": "14385213", 
        "price": "120600000", 
        "type": "sell", 
        "amount": "0.04145936"
    }, 
    {
        "date": "1579315768", 
        "tid": "14385212", 
        "price": "120612000", 
        "type": "sell", 
        "amount": "0.00244472"
    }, 
    {
        "date": "1579315768", 
        "tid": "14385211", 
        "price": "120617000", 
        "type": "sell", 
        "amount": "0.00112200"
    }, 
    {
        "date": "1579315768", 
        "tid": "14385210", 
        "price": "120619000", 
        "type": "sell", 
        "amount": "0.00256591"
    }, 
    {
        "date": "1579315768", 
        "tid": "14385209", 
        "price": "120630000", 
        "type": "sell", 
        "amount": "0.01937160"
    }, 
    {
        "date": "1579315747", 
        "tid": "14385208", 
        "price": "120745000", 
        "type": "buy", 
        "amount": "0.00820768"
    }, 
    {
        "date": "1579315712", 
        "tid": "14385207", 
        "price": "120745000", 
        "type": "buy", 
        "amount": "0.00825714"
    }, 
    {
        "date": "1579315664", 
        "tid": "14385206", 
        "price": "120745000", 
        "type": "buy", 
        "amount": "0.01621388"
    }, 
    {
        "date": "1579315664", 
        "tid": "14385205", 
        "price": "120631000", 
        "type": "buy", 
        "amount": "0.00403293"
    }, 
    {
        "date": "1579315573", 
        "tid": "14385204", 
        "price": "120630000", 
        "type": "sell", 
        "amount": "0.00466022"
    }, 
    {
        "date": "1579315573", 
        "tid": "14385203", 
        "price": "120744000", 
        "type": "sell", 
        "amount": "0.00082819"
    }, 
    {
        "date": "1579315452", 
        "tid": "14385202", 
        "price": "120745000", 
        "type": "buy", 
        "amount": "0.00412857"
    }, 
    {
        "date": "1579315449", 
        "tid": "14385201", 
        "price": "120745000", 
        "type": "sell", 
        "amount": "0.00277247"
    }, 
    {
        "date": "1579315435", 
        "tid": "14385200", 
        "price": "120745000", 
        "type": "sell", 
        "amount": "0.00825707"
    }, 
    {
        "date": "1579315410", 
        "tid": "14385199", 
        "price": "120745000", 
        "type": "buy", 
        "amount": "0.10507221"
    }, 
    {
        "date": "1579315409", 
        "tid": "14385198", 
        "price": "120745000", 
        "type": "sell", 
        "amount": "0.00301475"
    }, 
    {
        "date": "1579315409", 
        "tid": "14385197", 
        "price": "120746000", 
        "type": "buy", 
        "amount": "0.00825707"
    }, 
    {
        "date": "1579315322", 
        "tid": "14385196", 
        "price": "120745000", 
        "type": "sell", 
        "amount": "0.00043000"
    }, 
    {
        "date": "1579315214", 
        "tid": "14385195", 
        "price": "120745000", 
        "type": "sell", 
        "amount": "0.00134469"
    }, 
    {
        "date": "1579315105", 
        "tid": "14385194", 
        "price": "120746000", 
        "type": "buy", 
        "amount": "0.00057866"
    }, 
    {
        "date": "1579314801", 
        "tid": "14385193", 
        "price": "120746000", 
        "type": "buy", 
        "amount": "0.00223725"
    }, 
    {
        "date": "1579314785", 
        "tid": "14385192", 
        "price": "120630000", 
        "type": "sell", 
        "amount": "0.00238645"
    }, 
    {
        "date": "1579314785", 
        "tid": "14385191", 
        "price": "120631000", 
        "type": "sell", 
        "amount": "0.00249566"
    }, 
    {
        "date": "1579314785", 
        "tid": "14385190", 
        "price": "120745000", 
        "type": "sell", 
        "amount": "0.00074239"
    }, 
    {
        "date": "1579314760", 
        "tid": "14385189", 
        "price": "120746000", 
        "type": "buy", 
        "amount": "0.01042233"
    }, 
    {
        "date": "1579314744", 
        "tid": "14385188", 
        "price": "120746000", 
        "type": "buy", 
        "amount": "0.00041285"
    }, 
    {
        "date": "1579314727", 
        "tid": "14385187", 
        "price": "120630000", 
        "type": "sell", 
        "amount": "0.00174777"
    }, 
    {
        "date": "1579314607", 
        "tid": "14385186", 
        "price": "120746000", 
        "type": "buy", 
        "amount": "0.00042111"
    }, 
    {
        "date": "1579314601", 
        "tid": "14385185", 
        "price": "120746000", 
        "type": "buy", 
        "amount": "0.04178265"
    }, 
    {
        "date": "1579314599", 
        "tid": "14385184", 
        "price": "120746000", 
        "type": "sell", 
        "amount": "0.00882633"
    }, 
    {
        "date": "1579314579", 
        "tid": "14385183", 
        "price": "120962000", 
        "type": "buy", 
        "amount": "0.11025624"
    }, 
    {
        "date": "1579314579", 
        "tid": "14385182", 
        "price": "120961000", 
        "type": "buy", 
        "amount": "0.00086878"
    }, 
    {
        "date": "1579314579", 
        "tid": "14385181", 
        "price": "120867000", 
        "type": "buy", 
        "amount": "0.00256592"
    }, 
    {
        "date": "1579314579", 
        "tid": "14385180", 
        "price": "120843000", 
        "type": "buy", 
        "amount": "0.00112200"
    }, 
    {
        "date": "1579314579", 
        "tid": "14385179", 
        "price": "120842000", 
        "type": "buy", 
        "amount": "0.00630000"
    }, 
    {
        "date": "1579314579", 
        "tid": "14385178", 
        "price": "120835000", 
        "type": "buy", 
        "amount": "0.00477500"
    }, 
    {
        "date": "1579314579", 
        "tid": "14385177", 
        "price": "120825000", 
        "type": "buy", 
        "amount": "0.09607729"
    }, 
    {
        "date": "1579314579", 
        "tid": "14385176", 
        "price": "120816000", 
        "type": "buy", 
        "amount": "0.00244472"
    }, 
    {
        "date": "1579314579", 
        "tid": "14385175", 
        "price": "120801000", 
        "type": "buy", 
        "amount": "0.00074470"
    }, 
    {
        "date": "1579314579", 
        "tid": "14385174", 
        "price": "120750000", 
        "type": "buy", 
        "amount": "0.00050472"
    }, 
    {
        "date": "1579314579", 
        "tid": "14385173", 
        "price": "120748000", 
        "type": "buy", 
        "amount": "0.04200000"
    }, 
    {
        "date": "1579314579", 
        "tid": "14385172", 
        "price": "120747000", 
        "type": "buy", 
        "amount": "0.06234716"
    }, 
    {
        "date": "1579314474", 
        "tid": "14385171", 
        "price": "120746000", 
        "type": "sell", 
        "amount": "0.00028370"
    }, 
    {
        "date": "1579314343", 
        "tid": "14385170", 
        "price": "120518000", 
        "type": "sell", 
        "amount": "0.00706209"
    }, 
    {
        "date": "1579314334", 
        "tid": "14385169", 
        "price": "120748000", 
        "type": "buy", 
        "amount": "0.01703624"
    }, 
    {
        "date": "1579314334", 
        "tid": "14385168", 
        "price": "120666000", 
        "type": "buy", 
        "amount": "0.00477500"
    }, 
    {
        "date": "1579314334", 
        "tid": "14385167", 
        "price": "120623000", 
        "type": "buy", 
        "amount": "0.01939730"
    }, 
    {
        "date": "1579314334", 
        "tid": "14385166", 
        "price": "120519000", 
        "type": "buy", 
        "amount": "0.00837234"
    }, 
    {
        "date": "1579314184", 
        "tid": "14385165", 
        "price": "120518000", 
        "type": "sell", 
        "amount": "0.00080052"
    }, 
    {
        "date": "1579314170", 
        "tid": "14385164", 
        "price": "120623000", 
        "type": "buy", 
        "amount": "0.00587208"
    }, 
    {
        "date": "1579314139", 
        "tid": "14385163", 
        "price": "120518000", 
        "type": "sell", 
        "amount": "0.01808049"
    }, 
    {
        "date": "1579314139", 
        "tid": "14385162", 
        "price": "120519000", 
        "type": "sell", 
        "amount": "0.00156846"
    }, 
    {
        "date": "1579314139", 
        "tid": "14385161", 
        "price": "120525000", 
        "type": "sell", 
        "amount": "0.00225211"
    }, 
    {
        "date": "1579314139", 
        "tid": "14385160", 
        "price": "120622000", 
        "type": "sell", 
        "amount": "0.00414518"
    }, 
    {
        "date": "1579313996", 
        "tid": "14385159", 
        "price": "120623000", 
        "type": "buy", 
        "amount": "0.00151258"
    }, 
    {
        "date": "1579313938", 
        "tid": "14385158", 
        "price": "120700000", 
        "type": "buy", 
        "amount": "0.28517362"
    }, 
    {
        "date": "1579313938", 
        "tid": "14385157", 
        "price": "120699000", 
        "type": "buy", 
        "amount": "0.04837100"
    }, 
    {
        "date": "1579313938", 
        "tid": "14385156", 
        "price": "120628000", 
        "type": "buy", 
        "amount": "0.00420000"
    }, 
    {
        "date": "1579313938", 
        "tid": "14385155", 
        "price": "120626000", 
        "type": "buy", 
        "amount": "0.03938176"
    }, 
    {
        "date": "1579313880", 
        "tid": "14385154", 
        "price": "120520000", 
        "type": "sell", 
        "amount": "0.01845000"
    }, 
    {
        "date": "1579313694", 
        "tid": "14385153", 
        "price": "120519000", 
        "type": "sell", 
        "amount": "0.02905033"
    }, 
    {
        "date": "1579313643", 
        "tid": "14385152", 
        "price": "120420000", 
        "type": "sell", 
        "amount": "0.22926398"
    }, 
    {
        "date": "1579313643", 
        "tid": "14385151", 
        "price": "120464000", 
        "type": "sell", 
        "amount": "0.11671914"
    }, 
    {
        "date": "1579313643", 
        "tid": "14385150", 
        "price": "120500000", 
        "type": "sell", 
        "amount": "0.00050471"
    }, 
    {
        "date": "1579313643", 
        "tid": "14385149", 
        "price": "120509000", 
        "type": "sell", 
        "amount": "0.16158129"
    }, 
    {
        "date": "1579313643", 
        "tid": "14385148", 
        "price": "120565000", 
        "type": "sell", 
        "amount": "0.00074470"
    }, 
    {
        "date": "1579313643", 
        "tid": "14385147", 
        "price": "120578000", 
        "type": "sell", 
        "amount": "0.04469999"
    }, 
    {
        "date": "1579313643", 
        "tid": "14385146", 
        "price": "120580000", 
        "type": "sell", 
        "amount": "0.01410306"
    }, 
    {
        "date": "1579313643", 
        "tid": "14385145", 
        "price": "120581000", 
        "type": "sell", 
        "amount": "0.00924723"
    }, 
    {
        "date": "1579313643", 
        "tid": "14385144", 
        "price": "120582000", 
        "type": "sell", 
        "amount": "0.05183844"
    }, 
    {
        "date": "1579313643", 
        "tid": "14385143", 
        "price": "120600000", 
        "type": "sell", 
        "amount": "0.00414593"
    }, 
    {
        "date": "1579313643", 
        "tid": "14385142", 
        "price": "120612000", 
        "type": "sell", 
        "amount": "0.00244472"
    }, 
    {
        "date": "1579313643", 
        "tid": "14385141", 
        "price": "120617000", 
        "type": "sell", 
        "amount": "0.00112200"
    }, 
    {
        "date": "1579313643", 
        "tid": "14385140", 
        "price": "120619000", 
        "type": "sell", 
        "amount": "0.00256591"
    }, 
    {
        "date": "1579313643", 
        "tid": "14385139", 
        "price": "120670000", 
        "type": "sell", 
        "amount": "0.00067890"
    }, 
    {
        "date": "1579313496", 
        "tid": "14385138", 
        "price": "120989000", 
        "type": "buy", 
        "amount": "0.05166406"
    }, 
    {
        "date": "1579313443", 
        "tid": "14385137", 
        "price": "120990000", 
        "type": "buy", 
        "amount": "0.00397916"
    }, 
    {
        "date": "1579313443", 
        "tid": "14385136", 
        "price": "120989000", 
        "type": "buy", 
        "amount": "0.00067890"
    }, 
    {
        "date": "1579313443", 
        "tid": "14385135", 
        "price": "120867000", 
        "type": "buy", 
        "amount": "0.00256592"
    }, 
    {
        "date": "1579313443", 
        "tid": "14385134", 
        "price": "120843000", 
        "type": "buy", 
        "amount": "0.00112200"
    }, 
    {
        "date": "1579313443", 
        "tid": "14385133", 
        "price": "120816000", 
        "type": "buy", 
        "amount": "0.00146969"
    }, 
    {
        "date": "1579313439", 
        "tid": "14385132", 
        "price": "120816000", 
        "type": "buy", 
        "amount": "0.00097503"
    }, 
    {
        "date": "1579313400", 
        "tid": "14385131", 
        "price": "120810000", 
        "type": "sell", 
        "amount": "0.00050472"
    }, 
    {
        "date": "1579313400", 
        "tid": "14385130", 
        "price": "120810000", 
        "type": "sell", 
        "amount": "0.00074470"
    }, 
    {
        "date": "1579313376", 
        "tid": "14385129", 
        "price": "120465000", 
        "type": "sell", 
        "amount": "0.16925485"
    }, 
    {
        "date": "1579313376", 
        "tid": "14385128", 
        "price": "120468000", 
        "type": "sell", 
        "amount": "0.60000000"
    }, 
    {
        "date": "1579313376", 
        "tid": "14385127", 
        "price": "120500000", 
        "type": "sell", 
        "amount": "0.70344517"
    }, 
    {
        "date": "1579313376", 
        "tid": "14385126", 
        "price": "120507000", 
        "type": "sell", 
        "amount": "0.02093793"
    }, 
    {
        "date": "1579313376", 
        "tid": "14385125", 
        "price": "120508000", 
        "type": "sell", 
        "amount": "0.04336092"
    }, 
    {
        "date": "1579313376", 
        "tid": "14385124", 
        "price": "120513000", 
        "type": "sell", 
        "amount": "0.00076829"
    }, 
    {
        "date": "1579313376", 
        "tid": "14385123", 
        "price": "120514000", 
        "type": "sell", 
        "amount": "0.20197653"
    }, 
    {
        "date": "1579313376", 
        "tid": "14385122", 
        "price": "120565000", 
        "type": "sell", 
        "amount": "0.00128750"
    }, 
    {
        "date": "1579313376", 
        "tid": "14385121", 
        "price": "120612000", 
        "type": "sell", 
        "amount": "0.00244472"
    }, 
    {
        "date": "1579313376", 
        "tid": "14385120", 
        "price": "120617000", 
        "type": "sell", 
        "amount": "0.00112200"
    }, 
    {
        "date": "1579313376", 
        "tid": "14385119", 
        "price": "120619000", 
        "type": "sell", 
        "amount": "0.00256591"
    }, 
    {
        "date": "1579313376", 
        "tid": "14385118", 
        "price": "120632000", 
        "type": "sell", 
        "amount": "0.00044033"
    }, 
    {
        "date": "1579313376", 
        "tid": "14385117", 
        "price": "120653000", 
        "type": "sell", 
        "amount": "0.01100000"
    }, 
    {
        "date": "1579313376", 
        "tid": "14385116", 
        "price": "120670000", 
        "type": "sell", 
        "amount": "0.00067890"
    }, 
    {
        "date": "1579313376", 
        "tid": "14385115", 
        "price": "120700000", 
        "type": "sell", 
        "amount": "0.00565763"
    }, 
    {
        "date": "1579313376", 
        "tid": "14385114", 
        "price": "120720000", 
        "type": "sell", 
        "amount": "0.05561741"
    }, 
    {
        "date": "1579313376", 
        "tid": "14385113", 
        "price": "120750000", 
        "type": "sell", 
        "amount": "0.00882769"
    }, 
    {
        "date": "1579313376", 
        "tid": "14385112", 
        "price": "120757000", 
        "type": "sell", 
        "amount": "0.00428526"
    }, 
    {
        "date": "1579313376", 
        "tid": "14385111", 
        "price": "120790000", 
        "type": "sell", 
        "amount": "0.14441183"
    }, 
    {
        "date": "1579313376", 
        "tid": "14385110", 
        "price": "120798000", 
        "type": "sell", 
        "amount": "0.03953101"
    }, 
    {
        "date": "1579313376", 
        "tid": "14385109", 
        "price": "120800000", 
        "type": "sell", 
        "amount": "0.06208608"
    }, 
    {
        "date": "1579313376", 
        "tid": "14385108", 
        "price": "120808000", 
        "type": "sell", 
        "amount": "0.06108485"
    }
]