[
    {
        "date": "1579326043", 
        "tid": "14385743", 
        "price": "120011000", 
        "type": "buy", 
        "amount": "0.02012455"
    }, 
    {
        "date": "1579326037", 
        "tid": "14385742", 
        "price": "120011000", 
        "type": "buy", 
        "amount": "0.00205199"
    }, 
    {
        "date": "1579325985", 
        "tid": "14385741", 
        "price": "120071000", 
        "type": "buy", 
        "amount": "0.00042348"
    }, 
    {
        "date": "1579325984", 
        "tid": "14385740", 
        "price": "120071000", 
        "type": "buy", 
        "amount": "0.00103702"
    }, 
    {
        "date": "1579325984", 
        "tid": "14385739", 
        "price": "120040000", 
        "type": "buy", 
        "amount": "0.00078996"
    }, 
    {
        "date": "1579325920", 
        "tid": "14385738", 
        "price": "120010000", 
        "type": "sell", 
        "amount": "0.01275062"
    }, 
    {
        "date": "1579325887", 
        "tid": "14385737", 
        "price": "120040000", 
        "type": "buy", 
        "amount": "0.00042359"
    }, 
    {
        "date": "1579325875", 
        "tid": "14385736", 
        "price": "120040000", 
        "type": "buy", 
        "amount": "0.00042359"
    }, 
    {
        "date": "1579325868", 
        "tid": "14385735", 
        "price": "120040000", 
        "type": "buy", 
        "amount": "0.00080531"
    }, 
    {
        "date": "1579325815", 
        "tid": "14385734", 
        "price": "120010000", 
        "type": "buy", 
        "amount": "0.00190761"
    }, 
    {
        "date": "1579325768", 
        "tid": "14385733", 
        "price": "120010000", 
        "type": "buy", 
        "amount": "0.00053484"
    }, 
    {
        "date": "1579325768", 
        "tid": "14385732", 
        "price": "120008000", 
        "type": "buy", 
        "amount": "0.00041808"
    }, 
    {
        "date": "1579325768", 
        "tid": "14385731", 
        "price": "120007000", 
        "type": "buy", 
        "amount": "0.00137330"
    }, 
    {
        "date": "1579325764", 
        "tid": "14385730", 
        "price": "120007000", 
        "type": "buy", 
        "amount": "0.00013059"
    }, 
    {
        "date": "1579325764", 
        "tid": "14385729", 
        "price": "120000000", 
        "type": "buy", 
        "amount": "0.00100000"
    }, 
    {
        "date": "1579325764", 
        "tid": "14385728", 
        "price": "119979000", 
        "type": "buy", 
        "amount": "0.00244245"
    }, 
    {
        "date": "1579325728", 
        "tid": "14385727", 
        "price": "119931000", 
        "type": "sell", 
        "amount": "0.03530807"
    }, 
    {
        "date": "1579325664", 
        "tid": "14385726", 
        "price": "119931000", 
        "type": "buy", 
        "amount": "0.04776638"
    }, 
    {
        "date": "1579325642", 
        "tid": "14385725", 
        "price": "119922000", 
        "type": "sell", 
        "amount": "0.00058496"
    }, 
    {
        "date": "1579325631", 
        "tid": "14385724", 
        "price": "119931000", 
        "type": "buy", 
        "amount": "0.00116312"
    }, 
    {
        "date": "1579325494", 
        "tid": "14385723", 
        "price": "119931000", 
        "type": "buy", 
        "amount": "0.00048095"
    }, 
    {
        "date": "1579325466", 
        "tid": "14385722", 
        "price": "119920000", 
        "type": "sell", 
        "amount": "0.00406104"
    }, 
    {
        "date": "1579325463", 
        "tid": "14385721", 
        "price": "119921000", 
        "type": "sell", 
        "amount": "0.00833882"
    }, 
    {
        "date": "1579325458", 
        "tid": "14385720", 
        "price": "119922000", 
        "type": "sell", 
        "amount": "0.11483052"
    }, 
    {
        "date": "1579325408", 
        "tid": "14385719", 
        "price": "119922000", 
        "type": "sell", 
        "amount": "0.00113653"
    }, 
    {
        "date": "1579325215", 
        "tid": "14385718", 
        "price": "119921000", 
        "type": "sell", 
        "amount": "0.00076829"
    }, 
    {
        "date": "1579325211", 
        "tid": "14385717", 
        "price": "119922000", 
        "type": "sell", 
        "amount": "0.00041693"
    }, 
    {
        "date": "1579325202", 
        "tid": "14385716", 
        "price": "119925000", 
        "type": "buy", 
        "amount": "0.02494081"
    }, 
    {
        "date": "1579325184", 
        "tid": "14385715", 
        "price": "119929000", 
        "type": "buy", 
        "amount": "0.00042398"
    }, 
    {
        "date": "1579325181", 
        "tid": "14385714", 
        "price": "119930000", 
        "type": "sell", 
        "amount": "0.06103445"
    }, 
    {
        "date": "1579325177", 
        "tid": "14385713", 
        "price": "119930000", 
        "type": "sell", 
        "amount": "0.00123589"
    }, 
    {
        "date": "1579325170", 
        "tid": "14385712", 
        "price": "119930000", 
        "type": "sell", 
        "amount": "0.00126804"
    }, 
    {
        "date": "1579325150", 
        "tid": "14385711", 
        "price": "119931000", 
        "type": "buy", 
        "amount": "0.00054839"
    }, 
    {
        "date": "1579325134", 
        "tid": "14385710", 
        "price": "119931000", 
        "type": "buy", 
        "amount": "0.00045722"
    }, 
    {
        "date": "1579325068", 
        "tid": "14385709", 
        "price": "119931000", 
        "type": "buy", 
        "amount": "0.00044765"
    }, 
    {
        "date": "1579325032", 
        "tid": "14385708", 
        "price": "119931000", 
        "type": "buy", 
        "amount": "0.01351782"
    }, 
    {
        "date": "1579324997", 
        "tid": "14385707", 
        "price": "119931000", 
        "type": "buy", 
        "amount": "0.00494483"
    }, 
    {
        "date": "1579324967", 
        "tid": "14385706", 
        "price": "119948000", 
        "type": "sell", 
        "amount": "0.00244246"
    }, 
    {
        "date": "1579324959", 
        "tid": "14385705", 
        "price": "120007000", 
        "type": "buy", 
        "amount": "0.72449867"
    }, 
    {
        "date": "1579324959", 
        "tid": "14385704", 
        "price": "120000000", 
        "type": "buy", 
        "amount": "0.10000000"
    }, 
    {
        "date": "1579324959", 
        "tid": "14385703", 
        "price": "119998000", 
        "type": "buy", 
        "amount": "0.00630000"
    }, 
    {
        "date": "1579324954", 
        "tid": "14385702", 
        "price": "119995000", 
        "type": "buy", 
        "amount": "0.08225666"
    }, 
    {
        "date": "1579324941", 
        "tid": "14385701", 
        "price": "119998000", 
        "type": "buy", 
        "amount": "0.00480557"
    }, 
    {
        "date": "1579324941", 
        "tid": "14385700", 
        "price": "119979000", 
        "type": "buy", 
        "amount": "0.00470372"
    }, 
    {
        "date": "1579324898", 
        "tid": "14385699", 
        "price": "119979000", 
        "type": "buy", 
        "amount": "0.00042380"
    }, 
    {
        "date": "1579324873", 
        "tid": "14385698", 
        "price": "119930000", 
        "type": "sell", 
        "amount": "0.00224368"
    }, 
    {
        "date": "1579324844", 
        "tid": "14385697", 
        "price": "119994000", 
        "type": "sell", 
        "amount": "0.00150389"
    }, 
    {
        "date": "1579324840", 
        "tid": "14385696", 
        "price": "119997000", 
        "type": "buy", 
        "amount": "0.00041661"
    }, 
    {
        "date": "1579324834", 
        "tid": "14385695", 
        "price": "119930000", 
        "type": "sell", 
        "amount": "0.00259946"
    }, 
    {
        "date": "1579324834", 
        "tid": "14385694", 
        "price": "119948000", 
        "type": "sell", 
        "amount": "0.00244246"
    }, 
    {
        "date": "1579324834", 
        "tid": "14385693", 
        "price": "119978000", 
        "type": "sell", 
        "amount": "0.00062595"
    }, 
    {
        "date": "1579324802", 
        "tid": "14385692", 
        "price": "119994000", 
        "type": "buy", 
        "amount": "0.00457920"
    }, 
    {
        "date": "1579324802", 
        "tid": "14385691", 
        "price": "119979000", 
        "type": "buy", 
        "amount": "0.00244245"
    }, 
    {
        "date": "1579324767", 
        "tid": "14385690", 
        "price": "119930000", 
        "type": "sell", 
        "amount": "0.03524166"
    }, 
    {
        "date": "1579324767", 
        "tid": "14385689", 
        "price": "119932000", 
        "type": "sell", 
        "amount": "0.00703633"
    }, 
    {
        "date": "1579324767", 
        "tid": "14385688", 
        "price": "119933000", 
        "type": "sell", 
        "amount": "0.00416899"
    }, 
    {
        "date": "1579324767", 
        "tid": "14385687", 
        "price": "119941000", 
        "type": "sell", 
        "amount": "0.00112199"
    }, 
    {
        "date": "1579324767", 
        "tid": "14385686", 
        "price": "119948000", 
        "type": "sell", 
        "amount": "0.00244246"
    }, 
    {
        "date": "1579324767", 
        "tid": "14385685", 
        "price": "119979000", 
        "type": "sell", 
        "amount": "0.00244246"
    }, 
    {
        "date": "1579324759", 
        "tid": "14385684", 
        "price": "120000000", 
        "type": "sell", 
        "amount": "0.30665791"
    }, 
    {
        "date": "1579324751", 
        "tid": "14385683", 
        "price": "120002000", 
        "type": "buy", 
        "amount": "0.00957969"
    }, 
    {
        "date": "1579324737", 
        "tid": "14385682", 
        "price": "120000000", 
        "type": "sell", 
        "amount": "0.00045031"
    }, 
    {
        "date": "1579324714", 
        "tid": "14385681", 
        "price": "120001000", 
        "type": "sell", 
        "amount": "0.01489557"
    }, 
    {
        "date": "1579324713", 
        "tid": "14385680", 
        "price": "120002000", 
        "type": "sell", 
        "amount": "0.01850530"
    }, 
    {
        "date": "1579324692", 
        "tid": "14385679", 
        "price": "120008000", 
        "type": "buy", 
        "amount": "0.00957921"
    }, 
    {
        "date": "1579324690", 
        "tid": "14385678", 
        "price": "120008000", 
        "type": "buy", 
        "amount": "0.01063405"
    }, 
    {
        "date": "1579324657", 
        "tid": "14385677", 
        "price": "120010000", 
        "type": "sell", 
        "amount": "0.01077507"
    }, 
    {
        "date": "1579324651", 
        "tid": "14385676", 
        "price": "120011000", 
        "type": "sell", 
        "amount": "0.00754971"
    }, 
    {
        "date": "1579324640", 
        "tid": "14385675", 
        "price": "120040000", 
        "type": "sell", 
        "amount": "0.01160607"
    }, 
    {
        "date": "1579324640", 
        "tid": "14385674", 
        "price": "120041000", 
        "type": "buy", 
        "amount": "0.00122715"
    }, 
    {
        "date": "1579324633", 
        "tid": "14385673", 
        "price": "120064000", 
        "type": "buy", 
        "amount": "0.00255327"
    }, 
    {
        "date": "1579324556", 
        "tid": "14385672", 
        "price": "120083000", 
        "type": "buy", 
        "amount": "0.00042344"
    }, 
    {
        "date": "1579324504", 
        "tid": "14385671", 
        "price": "120011000", 
        "type": "sell", 
        "amount": "0.00733696"
    }, 
    {
        "date": "1579324500", 
        "tid": "14385670", 
        "price": "120011000", 
        "type": "sell", 
        "amount": "0.01495746"
    }, 
    {
        "date": "1579324497", 
        "tid": "14385669", 
        "price": "120098000", 
        "type": "buy", 
        "amount": "0.01067938"
    }, 
    {
        "date": "1579324470", 
        "tid": "14385668", 
        "price": "120011000", 
        "type": "buy", 
        "amount": "0.05376498"
    }, 
    {
        "date": "1579324447", 
        "tid": "14385667", 
        "price": "120011000", 
        "type": "buy", 
        "amount": "0.00830764"
    }, 
    {
        "date": "1579324378", 
        "tid": "14385666", 
        "price": "120071000", 
        "type": "sell", 
        "amount": "0.00344351"
    }, 
    {
        "date": "1579324366", 
        "tid": "14385665", 
        "price": "120071000", 
        "type": "sell", 
        "amount": "0.00244245"
    }, 
    {
        "date": "1579324365", 
        "tid": "14385664", 
        "price": "120071000", 
        "type": "sell", 
        "amount": "0.00244245"
    }, 
    {
        "date": "1579324346", 
        "tid": "14385663", 
        "price": "120002000", 
        "type": "sell", 
        "amount": "0.06647486"
    }, 
    {
        "date": "1579324346", 
        "tid": "14385662", 
        "price": "120005000", 
        "type": "sell", 
        "amount": "0.00868227"
    }, 
    {
        "date": "1579324346", 
        "tid": "14385661", 
        "price": "120009000", 
        "type": "sell", 
        "amount": "0.00641481"
    }, 
    {
        "date": "1579324346", 
        "tid": "14385660", 
        "price": "120010000", 
        "type": "sell", 
        "amount": "0.00244244"
    }, 
    {
        "date": "1579324346", 
        "tid": "14385659", 
        "price": "120020000", 
        "type": "sell", 
        "amount": "0.25006422"
    }, 
    {
        "date": "1579324346", 
        "tid": "14385658", 
        "price": "120032000", 
        "type": "sell", 
        "amount": "0.00067890"
    }, 
    {
        "date": "1579324346", 
        "tid": "14385657", 
        "price": "120040000", 
        "type": "sell", 
        "amount": "0.00244246"
    }, 
    {
        "date": "1579324346", 
        "tid": "14385656", 
        "price": "120044000", 
        "type": "sell", 
        "amount": "0.00246938"
    }, 
    {
        "date": "1579324346", 
        "tid": "14385655", 
        "price": "120053000", 
        "type": "sell", 
        "amount": "0.00049228"
    }, 
    {
        "date": "1579324346", 
        "tid": "14385654", 
        "price": "120064000", 
        "type": "sell", 
        "amount": "0.01534914"
    }, 
    {
        "date": "1579324346", 
        "tid": "14385653", 
        "price": "120071000", 
        "type": "sell", 
        "amount": "0.00527410"
    }, 
    {
        "date": "1579324298", 
        "tid": "14385652", 
        "price": "120072000", 
        "type": "buy", 
        "amount": "0.00830342"
    }, 
    {
        "date": "1579324165", 
        "tid": "14385651", 
        "price": "120086000", 
        "type": "sell", 
        "amount": "0.00271826"
    }, 
    {
        "date": "1579324165", 
        "tid": "14385650", 
        "price": "120099000", 
        "type": "sell", 
        "amount": "0.00116570"
    }, 
    {
        "date": "1579324165", 
        "tid": "14385649", 
        "price": "120131000", 
        "type": "sell", 
        "amount": "0.00154000"
    }, 
    {
        "date": "1579324155", 
        "tid": "14385648", 
        "price": "120131000", 
        "type": "buy", 
        "amount": "0.00148256"
    }, 
    {
        "date": "1579324116", 
        "tid": "14385647", 
        "price": "120131000", 
        "type": "buy", 
        "amount": "0.01201744"
    }, 
    {
        "date": "1579324116", 
        "tid": "14385646", 
        "price": "120130000", 
        "type": "buy", 
        "amount": "0.01300557"
    }, 
    {
        "date": "1579324116", 
        "tid": "14385645", 
        "price": "120102000", 
        "type": "buy", 
        "amount": "0.00244245"
    }, 
    {
        "date": "1579324116", 
        "tid": "14385644", 
        "price": "120100000", 
        "type": "buy", 
        "amount": "0.01403560"
    }, 
    {
        "date": "1579324040", 
        "tid": "14385643", 
        "price": "120086000", 
        "type": "sell", 
        "amount": "0.14530275"
    }, 
    {
        "date": "1579324023", 
        "tid": "14385642", 
        "price": "120086000", 
        "type": "sell", 
        "amount": "0.00825299"
    }, 
    {
        "date": "1579324023", 
        "tid": "14385641", 
        "price": "120088000", 
        "type": "sell", 
        "amount": "0.03095362"
    }, 
    {
        "date": "1579324005", 
        "tid": "14385640", 
        "price": "120087000", 
        "type": "buy", 
        "amount": "0.00197353"
    }, 
    {
        "date": "1579323984", 
        "tid": "14385639", 
        "price": "120086000", 
        "type": "sell", 
        "amount": "0.00068880"
    }, 
    {
        "date": "1579323858", 
        "tid": "14385638", 
        "price": "120087000", 
        "type": "buy", 
        "amount": "0.00041512"
    }, 
    {
        "date": "1579323740", 
        "tid": "14385637", 
        "price": "120087000", 
        "type": "buy", 
        "amount": "0.01122337"
    }, 
    {
        "date": "1579323677", 
        "tid": "14385636", 
        "price": "120064000", 
        "type": "sell", 
        "amount": "0.03303872"
    }, 
    {
        "date": "1579323655", 
        "tid": "14385635", 
        "price": "120089000", 
        "type": "sell", 
        "amount": "0.01405412"
    }, 
    {
        "date": "1579323623", 
        "tid": "14385634", 
        "price": "120094000", 
        "type": "buy", 
        "amount": "0.00467050"
    }, 
    {
        "date": "1579323618", 
        "tid": "14385633", 
        "price": "120095000", 
        "type": "buy", 
        "amount": "0.02490550"
    }, 
    {
        "date": "1579323600", 
        "tid": "14385632", 
        "price": "120099000", 
        "type": "buy", 
        "amount": "0.00207570"
    }, 
    {
        "date": "1579323583", 
        "tid": "14385631", 
        "price": "120116000", 
        "type": "buy", 
        "amount": "0.00261906"
    }, 
    {
        "date": "1579323583", 
        "tid": "14385630", 
        "price": "120113000", 
        "type": "buy", 
        "amount": "0.00341653"
    }, 
    {
        "date": "1579323583", 
        "tid": "14385629", 
        "price": "120112000", 
        "type": "buy", 
        "amount": "0.00088253"
    }, 
    {
        "date": "1579323578", 
        "tid": "14385628", 
        "price": "120117000", 
        "type": "buy", 
        "amount": "0.08232699"
    }, 
    {
        "date": "1579323577", 
        "tid": "14385627", 
        "price": "120064000", 
        "type": "sell", 
        "amount": "0.02078328"
    }, 
    {
        "date": "1579323577", 
        "tid": "14385626", 
        "price": "120065000", 
        "type": "sell", 
        "amount": "0.00391683"
    }, 
    {
        "date": "1579323577", 
        "tid": "14385625", 
        "price": "120071000", 
        "type": "sell", 
        "amount": "0.00244245"
    }, 
    {
        "date": "1579323577", 
        "tid": "14385624", 
        "price": "120100000", 
        "type": "sell", 
        "amount": "0.00166527"
    }, 
    {
        "date": "1579323548", 
        "tid": "14385623", 
        "price": "120130000", 
        "type": "sell", 
        "amount": "0.00117181"
    }, 
    {
        "date": "1579323540", 
        "tid": "14385622", 
        "price": "120131000", 
        "type": "sell", 
        "amount": "0.14386510"
    }, 
    {
        "date": "1579323490", 
        "tid": "14385621", 
        "price": "120131000", 
        "type": "sell", 
        "amount": "0.01000000"
    }, 
    {
        "date": "1579323330", 
        "tid": "14385620", 
        "price": "120132000", 
        "type": "buy", 
        "amount": "0.00070544"
    }, 
    {
        "date": "1579323317", 
        "tid": "14385619", 
        "price": "120131000", 
        "type": "sell", 
        "amount": "0.00070410"
    }, 
    {
        "date": "1579323264", 
        "tid": "14385618", 
        "price": "120131000", 
        "type": "sell", 
        "amount": "0.02500000"
    }, 
    {
        "date": "1579323115", 
        "tid": "14385617", 
        "price": "120132000", 
        "type": "buy", 
        "amount": "0.00042552"
    }, 
    {
        "date": "1579323024", 
        "tid": "14385616", 
        "price": "120110000", 
        "type": "sell", 
        "amount": "0.07405400"
    }, 
    {
        "date": "1579323008", 
        "tid": "14385615", 
        "price": "120102000", 
        "type": "buy", 
        "amount": "0.00044502"
    }, 
    {
        "date": "1579322970", 
        "tid": "14385614", 
        "price": "120102000", 
        "type": "buy", 
        "amount": "0.00199743"
    }, 
    {
        "date": "1579322970", 
        "tid": "14385613", 
        "price": "120065000", 
        "type": "buy", 
        "amount": "0.00215392"
    }, 
    {
        "date": "1579322917", 
        "tid": "14385612", 
        "price": "120065000", 
        "type": "buy", 
        "amount": "0.00255350"
    }, 
    {
        "date": "1579322876", 
        "tid": "14385611", 
        "price": "120060000", 
        "type": "sell", 
        "amount": "0.00100000"
    }, 
    {
        "date": "1579322872", 
        "tid": "14385610", 
        "price": "120060000", 
        "type": "sell", 
        "amount": "0.01250000"
    }, 
    {
        "date": "1579322853", 
        "tid": "14385609", 
        "price": "120065000", 
        "type": "buy", 
        "amount": "0.00293558"
    }, 
    {
        "date": "1579322853", 
        "tid": "14385608", 
        "price": "120060000", 
        "type": "buy", 
        "amount": "0.00179293"
    }, 
    {
        "date": "1579322795", 
        "tid": "14385607", 
        "price": "120062000", 
        "type": "sell", 
        "amount": "0.00262325"
    }, 
    {
        "date": "1579322792", 
        "tid": "14385606", 
        "price": "120064000", 
        "type": "sell", 
        "amount": "0.00167581"
    }, 
    {
        "date": "1579322768", 
        "tid": "14385605", 
        "price": "120068000", 
        "type": "sell", 
        "amount": "0.13930519"
    }, 
    {
        "date": "1579322765", 
        "tid": "14385604", 
        "price": "120068000", 
        "type": "sell", 
        "amount": "0.00065009"
    }, 
    {
        "date": "1579322750", 
        "tid": "14385603", 
        "price": "120071000", 
        "type": "sell", 
        "amount": "0.00244245"
    }, 
    {
        "date": "1579322749", 
        "tid": "14385602", 
        "price": "120072000", 
        "type": "buy", 
        "amount": "0.00353726"
    }, 
    {
        "date": "1579322746", 
        "tid": "14385601", 
        "price": "120073000", 
        "type": "buy", 
        "amount": "0.14756514"
    }, 
    {
        "date": "1579322738", 
        "tid": "14385600", 
        "price": "120074000", 
        "type": "buy", 
        "amount": "0.00285834"
    }, 
    {
        "date": "1579322720", 
        "tid": "14385599", 
        "price": "120078000", 
        "type": "sell", 
        "amount": "0.00167581"
    }, 
    {
        "date": "1579322712", 
        "tid": "14385598", 
        "price": "120093000", 
        "type": "sell", 
        "amount": "0.02506348"
    }, 
    {
        "date": "1579322709", 
        "tid": "14385597", 
        "price": "120094000", 
        "type": "sell", 
        "amount": "0.00074470"
    }, 
    {
        "date": "1579322698", 
        "tid": "14385596", 
        "price": "120097000", 
        "type": "buy", 
        "amount": "0.62262731"
    }, 
    {
        "date": "1579322685", 
        "tid": "14385595", 
        "price": "120100000", 
        "type": "sell", 
        "amount": "0.00416319"
    }, 
    {
        "date": "1579322683", 
        "tid": "14385594", 
        "price": "120101000", 
        "type": "buy", 
        "amount": "0.20753553"
    }
]