[
    {
        "date": "1579263370", 
        "tid": "14383025", 
        "price": "120000000", 
        "type": "buy", 
        "amount": "0.00055430"
    }, 
    {
        "date": "1579263365", 
        "tid": "14383024", 
        "price": "119900000", 
        "type": "sell", 
        "amount": "0.00083083"
    }, 
    {
        "date": "1579263357", 
        "tid": "14383023", 
        "price": "120001000", 
        "type": "buy", 
        "amount": "0.00083083"
    }, 
    {
        "date": "1579263345", 
        "tid": "14383022", 
        "price": "119900000", 
        "type": "sell", 
        "amount": "0.01757840"
    }, 
    {
        "date": "1579263345", 
        "tid": "14383021", 
        "price": "120000000", 
        "type": "sell", 
        "amount": "0.00166666"
    }, 
    {
        "date": "1579263320", 
        "tid": "14383020", 
        "price": "120001000", 
        "type": "buy", 
        "amount": "0.00074775"
    }, 
    {
        "date": "1579263319", 
        "tid": "14383019", 
        "price": "119900000", 
        "type": "sell", 
        "amount": "0.01725218"
    }, 
    {
        "date": "1579263319", 
        "tid": "14383018", 
        "price": "119901000", 
        "type": "sell", 
        "amount": "0.00044033"
    }, 
    {
        "date": "1579263319", 
        "tid": "14383017", 
        "price": "119909000", 
        "type": "sell", 
        "amount": "0.00054281"
    }, 
    {
        "date": "1579263319", 
        "tid": "14383016", 
        "price": "119919000", 
        "type": "sell", 
        "amount": "0.00083389"
    }, 
    {
        "date": "1579263319", 
        "tid": "14383015", 
        "price": "119921000", 
        "type": "sell", 
        "amount": "0.00076829"
    }, 
    {
        "date": "1579263319", 
        "tid": "14383014", 
        "price": "119941000", 
        "type": "sell", 
        "amount": "0.00112199"
    }, 
    {
        "date": "1579263319", 
        "tid": "14383013", 
        "price": "119942000", 
        "type": "sell", 
        "amount": "0.00308482"
    }, 
    {
        "date": "1579263319", 
        "tid": "14383012", 
        "price": "119986000", 
        "type": "sell", 
        "amount": "0.00047505"
    }, 
    {
        "date": "1579263319", 
        "tid": "14383011", 
        "price": "119997000", 
        "type": "sell", 
        "amount": "0.00833354"
    }, 
    {
        "date": "1579263319", 
        "tid": "14383010", 
        "price": "119999000", 
        "type": "sell", 
        "amount": "0.00244473"
    }, 
    {
        "date": "1579263319", 
        "tid": "14383009", 
        "price": "120000000", 
        "type": "sell", 
        "amount": "0.02470237"
    }, 
    {
        "date": "1579263304", 
        "tid": "14383008", 
        "price": "120001000", 
        "type": "buy", 
        "amount": "0.00498500"
    }, 
    {
        "date": "1579263273", 
        "tid": "14383007", 
        "price": "120000000", 
        "type": "sell", 
        "amount": "0.16915072"
    }, 
    {
        "date": "1579263232", 
        "tid": "14383006", 
        "price": "120000000", 
        "type": "sell", 
        "amount": "0.05106198"
    }, 
    {
        "date": "1579263206", 
        "tid": "14383005", 
        "price": "120000000", 
        "type": "sell", 
        "amount": "0.00826878"
    }, 
    {
        "date": "1579263204", 
        "tid": "14383004", 
        "price": "120000000", 
        "type": "sell", 
        "amount": "0.26000000"
    }, 
    {
        "date": "1579263186", 
        "tid": "14383003", 
        "price": "120000000", 
        "type": "sell", 
        "amount": "0.05100886"
    }, 
    {
        "date": "1579263186", 
        "tid": "14383002", 
        "price": "120000000", 
        "type": "sell", 
        "amount": "0.00243574"
    }, 
    {
        "date": "1579263186", 
        "tid": "14383001", 
        "price": "120000000", 
        "type": "sell", 
        "amount": "0.22321940"
    }, 
    {
        "date": "1579263186", 
        "tid": "14383000", 
        "price": "120012000", 
        "type": "sell", 
        "amount": "0.01282178"
    }, 
    {
        "date": "1579263186", 
        "tid": "14382999", 
        "price": "120019000", 
        "type": "sell", 
        "amount": "0.08612087"
    }, 
    {
        "date": "1579263186", 
        "tid": "14382998", 
        "price": "120032000", 
        "type": "sell", 
        "amount": "0.00067890"
    }, 
    {
        "date": "1579263186", 
        "tid": "14382997", 
        "price": "120083000", 
        "type": "sell", 
        "amount": "0.02275975"
    }, 
    {
        "date": "1579263186", 
        "tid": "14382996", 
        "price": "120088000", 
        "type": "sell", 
        "amount": "0.00096237"
    }, 
    {
        "date": "1579263186", 
        "tid": "14382995", 
        "price": "120094000", 
        "type": "sell", 
        "amount": "0.00074470"
    }, 
    {
        "date": "1579263186", 
        "tid": "14382994", 
        "price": "120100000", 
        "type": "sell", 
        "amount": "0.16269223"
    }, 
    {
        "date": "1579263185", 
        "tid": "14382993", 
        "price": "120100000", 
        "type": "sell", 
        "amount": "0.00189915"
    }, 
    {
        "date": "1579263185", 
        "tid": "14382992", 
        "price": "120100000", 
        "type": "sell", 
        "amount": "0.00483339"
    }, 
    {
        "date": "1579263185", 
        "tid": "14382991", 
        "price": "120102000", 
        "type": "sell", 
        "amount": "0.00079468"
    }, 
    {
        "date": "1579263182", 
        "tid": "14382990", 
        "price": "120120000", 
        "type": "sell", 
        "amount": "0.05619380"
    }, 
    {
        "date": "1579263180", 
        "tid": "14382989", 
        "price": "120121000", 
        "type": "buy", 
        "amount": "0.16600078"
    }, 
    {
        "date": "1579263176", 
        "tid": "14382988", 
        "price": "120166000", 
        "type": "sell", 
        "amount": "0.00112199"
    }, 
    {
        "date": "1579263161", 
        "tid": "14382987", 
        "price": "120167000", 
        "type": "buy", 
        "amount": "0.00562557"
    }, 
    {
        "date": "1579263146", 
        "tid": "14382986", 
        "price": "120200000", 
        "type": "sell", 
        "amount": "0.02495840"
    }, 
    {
        "date": "1579263146", 
        "tid": "14382985", 
        "price": "120204000", 
        "type": "sell", 
        "amount": "0.00244471"
    }, 
    {
        "date": "1579263146", 
        "tid": "14382984", 
        "price": "120231000", 
        "type": "sell", 
        "amount": "0.00501988"
    }, 
    {
        "date": "1579263146", 
        "tid": "14382983", 
        "price": "120245000", 
        "type": "sell", 
        "amount": "0.00468277"
    }, 
    {
        "date": "1579263146", 
        "tid": "14382982", 
        "price": "120250000", 
        "type": "sell", 
        "amount": "0.02798885"
    }, 
    {
        "date": "1579263137", 
        "tid": "14382981", 
        "price": "120250000", 
        "type": "sell", 
        "amount": "0.00577989"
    }, 
    {
        "date": "1579263137", 
        "tid": "14382980", 
        "price": "120257000", 
        "type": "sell", 
        "amount": "0.00067564"
    }, 
    {
        "date": "1579263137", 
        "tid": "14382979", 
        "price": "120267000", 
        "type": "sell", 
        "amount": "0.04201449"
    }, 
    {
        "date": "1579263137", 
        "tid": "14382978", 
        "price": "120280000", 
        "type": "sell", 
        "amount": "0.22421235"
    }, 
    {
        "date": "1579263137", 
        "tid": "14382977", 
        "price": "120283000", 
        "type": "sell", 
        "amount": "0.00731763"
    }, 
    {
        "date": "1579263130", 
        "tid": "14382976", 
        "price": "120283000", 
        "type": "sell", 
        "amount": "0.13000000"
    }, 
    {
        "date": "1579263129", 
        "tid": "14382975", 
        "price": "120283000", 
        "type": "sell", 
        "amount": "0.03000000"
    }, 
    {
        "date": "1579263129", 
        "tid": "14382974", 
        "price": "120283000", 
        "type": "sell", 
        "amount": "0.24000000"
    }, 
    {
        "date": "1579263107", 
        "tid": "14382973", 
        "price": "120283000", 
        "type": "sell", 
        "amount": "0.66000000"
    }, 
    {
        "date": "1579263099", 
        "tid": "14382972", 
        "price": "120283000", 
        "type": "sell", 
        "amount": "1.10000000"
    }, 
    {
        "date": "1579263093", 
        "tid": "14382971", 
        "price": "120284000", 
        "type": "buy", 
        "amount": "0.00204111"
    }, 
    {
        "date": "1579263093", 
        "tid": "14382970", 
        "price": "120283000", 
        "type": "sell", 
        "amount": "0.06419315"
    }, 
    {
        "date": "1579263088", 
        "tid": "14382969", 
        "price": "120284000", 
        "type": "buy", 
        "amount": "0.00884617"
    }, 
    {
        "date": "1579263003", 
        "tid": "14382968", 
        "price": "120284000", 
        "type": "buy", 
        "amount": "0.00165776"
    }, 
    {
        "date": "1579262989", 
        "tid": "14382967", 
        "price": "120283000", 
        "type": "sell", 
        "amount": "0.00174380"
    }, 
    {
        "date": "1579262964", 
        "tid": "14382966", 
        "price": "120283000", 
        "type": "sell", 
        "amount": "0.01833831"
    }, 
    {
        "date": "1579262916", 
        "tid": "14382965", 
        "price": "120283000", 
        "type": "sell", 
        "amount": "0.00042355"
    }, 
    {
        "date": "1579262892", 
        "tid": "14382964", 
        "price": "120283000", 
        "type": "sell", 
        "amount": "0.02060792"
    }, 
    {
        "date": "1579262840", 
        "tid": "14382963", 
        "price": "120283000", 
        "type": "sell", 
        "amount": "1.50026994"
    }, 
    {
        "date": "1579262840", 
        "tid": "14382962", 
        "price": "120285000", 
        "type": "sell", 
        "amount": "0.04201819"
    }, 
    {
        "date": "1579262840", 
        "tid": "14382961", 
        "price": "120294000", 
        "type": "sell", 
        "amount": "0.24151566"
    }, 
    {
        "date": "1579262840", 
        "tid": "14382960", 
        "price": "120300000", 
        "type": "sell", 
        "amount": "0.36568518"
    }, 
    {
        "date": "1579262840", 
        "tid": "14382959", 
        "price": "120454000", 
        "type": "sell", 
        "amount": "0.00051103"
    }, 
    {
        "date": "1579262826", 
        "tid": "14382958", 
        "price": "120300000", 
        "type": "sell", 
        "amount": "0.45558137"
    }, 
    {
        "date": "1579262825", 
        "tid": "14382957", 
        "price": "120300000", 
        "type": "sell", 
        "amount": "0.15241540"
    }, 
    {
        "date": "1579262825", 
        "tid": "14382956", 
        "price": "120320000", 
        "type": "sell", 
        "amount": "0.00354930"
    }, 
    {
        "date": "1579262825", 
        "tid": "14382955", 
        "price": "120321000", 
        "type": "sell", 
        "amount": "0.00424637"
    }, 
    {
        "date": "1579262825", 
        "tid": "14382954", 
        "price": "120322000", 
        "type": "sell", 
        "amount": "0.30976659"
    }, 
    {
        "date": "1579262825", 
        "tid": "14382953", 
        "price": "120322000", 
        "type": "sell", 
        "amount": "0.14955165"
    }, 
    {
        "date": "1579262825", 
        "tid": "14382952", 
        "price": "120323000", 
        "type": "sell", 
        "amount": "0.03643189"
    }, 
    {
        "date": "1579262825", 
        "tid": "14382951", 
        "price": "120324000", 
        "type": "sell", 
        "amount": "0.00693217"
    }, 
    {
        "date": "1579262825", 
        "tid": "14382950", 
        "price": "120330000", 
        "type": "sell", 
        "amount": "0.00074469"
    }, 
    {
        "date": "1579262825", 
        "tid": "14382949", 
        "price": "120351000", 
        "type": "sell", 
        "amount": "0.00067889"
    }, 
    {
        "date": "1579262825", 
        "tid": "14382948", 
        "price": "120353000", 
        "type": "sell", 
        "amount": "0.00115350"
    }, 
    {
        "date": "1579262825", 
        "tid": "14382947", 
        "price": "120355000", 
        "type": "sell", 
        "amount": "0.01005359"
    }, 
    {
        "date": "1579262825", 
        "tid": "14382946", 
        "price": "120368000", 
        "type": "sell", 
        "amount": "0.00602878"
    }, 
    {
        "date": "1579262825", 
        "tid": "14382945", 
        "price": "120384000", 
        "type": "sell", 
        "amount": "0.00053670"
    }, 
    {
        "date": "1579262825", 
        "tid": "14382944", 
        "price": "120390000", 
        "type": "sell", 
        "amount": "0.00586711"
    }, 
    {
        "date": "1579262825", 
        "tid": "14382943", 
        "price": "120392000", 
        "type": "sell", 
        "amount": "0.00112200"
    }, 
    {
        "date": "1579262825", 
        "tid": "14382942", 
        "price": "120400000", 
        "type": "sell", 
        "amount": "0.00089903"
    }, 
    {
        "date": "1579262817", 
        "tid": "14382941", 
        "price": "120400000", 
        "type": "sell", 
        "amount": "0.02000000"
    }, 
    {
        "date": "1579262769", 
        "tid": "14382940", 
        "price": "120400000", 
        "type": "sell", 
        "amount": "0.01259074"
    }, 
    {
        "date": "1579262769", 
        "tid": "14382939", 
        "price": "120408000", 
        "type": "sell", 
        "amount": "0.00244472"
    }, 
    {
        "date": "1579262769", 
        "tid": "14382938", 
        "price": "120455000", 
        "type": "sell", 
        "amount": "0.01496454"
    }, 
    {
        "date": "1579262757", 
        "tid": "14382937", 
        "price": "120455000", 
        "type": "sell", 
        "amount": "0.04000000"
    }, 
    {
        "date": "1579262749", 
        "tid": "14382936", 
        "price": "120455000", 
        "type": "sell", 
        "amount": "0.07000000"
    }, 
    {
        "date": "1579262684", 
        "tid": "14382935", 
        "price": "120455000", 
        "type": "sell", 
        "amount": "0.08000000"
    }, 
    {
        "date": "1579262635", 
        "tid": "14382934", 
        "price": "120455000", 
        "type": "sell", 
        "amount": "0.14000000"
    }, 
    {
        "date": "1579262566", 
        "tid": "14382933", 
        "price": "120455000", 
        "type": "sell", 
        "amount": "0.01069548"
    }, 
    {
        "date": "1579262566", 
        "tid": "14382932", 
        "price": "120460000", 
        "type": "sell", 
        "amount": "0.01818020"
    }, 
    {
        "date": "1579262546", 
        "tid": "14382931", 
        "price": "120461000", 
        "type": "sell", 
        "amount": "0.55785261"
    }, 
    {
        "date": "1579262546", 
        "tid": "14382930", 
        "price": "120480000", 
        "type": "sell", 
        "amount": "0.00830013"
    }, 
    {
        "date": "1579262546", 
        "tid": "14382929", 
        "price": "120498000", 
        "type": "sell", 
        "amount": "0.00363294"
    }, 
    {
        "date": "1579262546", 
        "tid": "14382928", 
        "price": "120500000", 
        "type": "sell", 
        "amount": "0.21955940"
    }, 
    {
        "date": "1579262546", 
        "tid": "14382927", 
        "price": "120501000", 
        "type": "sell", 
        "amount": "0.00088495"
    }, 
    {
        "date": "1579262546", 
        "tid": "14382926", 
        "price": "120513000", 
        "type": "sell", 
        "amount": "0.04225758"
    }, 
    {
        "date": "1579262546", 
        "tid": "14382925", 
        "price": "120514000", 
        "type": "sell", 
        "amount": "0.00331911"
    }, 
    {
        "date": "1579262546", 
        "tid": "14382924", 
        "price": "120550000", 
        "type": "sell", 
        "amount": "0.20264496"
    }, 
    {
        "date": "1579262546", 
        "tid": "14382923", 
        "price": "120565000", 
        "type": "sell", 
        "amount": "0.00074470"
    }, 
    {
        "date": "1579262546", 
        "tid": "14382922", 
        "price": "120573000", 
        "type": "sell", 
        "amount": "0.03492367"
    }, 
    {
        "date": "1579262546", 
        "tid": "14382921", 
        "price": "120574000", 
        "type": "sell", 
        "amount": "0.18649343"
    }, 
    {
        "date": "1579262546", 
        "tid": "14382920", 
        "price": "120600000", 
        "type": "sell", 
        "amount": "0.01382412"
    }, 
    {
        "date": "1579262546", 
        "tid": "14382919", 
        "price": "120612000", 
        "type": "sell", 
        "amount": "0.00244472"
    }, 
    {
        "date": "1579262546", 
        "tid": "14382918", 
        "price": "120617000", 
        "type": "sell", 
        "amount": "0.00112200"
    }, 
    {
        "date": "1579262546", 
        "tid": "14382917", 
        "price": "120620000", 
        "type": "sell", 
        "amount": "0.12435748"
    }, 
    {
        "date": "1579262546", 
        "tid": "14382916", 
        "price": "120700000", 
        "type": "sell", 
        "amount": "0.01423389"
    }, 
    {
        "date": "1579262546", 
        "tid": "14382915", 
        "price": "120750000", 
        "type": "sell", 
        "amount": "0.23709894"
    }, 
    {
        "date": "1579262518", 
        "tid": "14382914", 
        "price": "120750000", 
        "type": "sell", 
        "amount": "0.00686841"
    }, 
    {
        "date": "1579262443", 
        "tid": "14382913", 
        "price": "120750000", 
        "type": "sell", 
        "amount": "0.00438642"
    }, 
    {
        "date": "1579262423", 
        "tid": "14382912", 
        "price": "120934000", 
        "type": "buy", 
        "amount": "0.00343785"
    }, 
    {
        "date": "1579262413", 
        "tid": "14382911", 
        "price": "120750000", 
        "type": "sell", 
        "amount": "0.00826578"
    }, 
    {
        "date": "1579262389", 
        "tid": "14382910", 
        "price": "120935000", 
        "type": "buy", 
        "amount": "0.00281077"
    }, 
    {
        "date": "1579262325", 
        "tid": "14382909", 
        "price": "120943000", 
        "type": "sell", 
        "amount": "0.09125325"
    }, 
    {
        "date": "1579262318", 
        "tid": "14382908", 
        "price": "120943000", 
        "type": "sell", 
        "amount": "0.00056527"
    }, 
    {
        "date": "1579262302", 
        "tid": "14382907", 
        "price": "120943000", 
        "type": "sell", 
        "amount": "0.00287776"
    }, 
    {
        "date": "1579262291", 
        "tid": "14382906", 
        "price": "120954000", 
        "type": "buy", 
        "amount": "0.00213015"
    }, 
    {
        "date": "1579262289", 
        "tid": "14382905", 
        "price": "120943000", 
        "type": "sell", 
        "amount": "0.06000000"
    }, 
    {
        "date": "1579262283", 
        "tid": "14382904", 
        "price": "120943000", 
        "type": "sell", 
        "amount": "0.11000000"
    }, 
    {
        "date": "1579262274", 
        "tid": "14382903", 
        "price": "120943000", 
        "type": "sell", 
        "amount": "0.18000000"
    }, 
    {
        "date": "1579262267", 
        "tid": "14382902", 
        "price": "120960000", 
        "type": "buy", 
        "amount": "0.01498916"
    }, 
    {
        "date": "1579262266", 
        "tid": "14382901", 
        "price": "120943000", 
        "type": "sell", 
        "amount": "0.30000000"
    }, 
    {
        "date": "1579262260", 
        "tid": "14382900", 
        "price": "120961000", 
        "type": "buy", 
        "amount": "0.00374689"
    }, 
    {
        "date": "1579262259", 
        "tid": "14382899", 
        "price": "120961000", 
        "type": "buy", 
        "amount": "0.01498904"
    }, 
    {
        "date": "1579262247", 
        "tid": "14382898", 
        "price": "120965000", 
        "type": "buy", 
        "amount": "0.01498854"
    }, 
    {
        "date": "1579262231", 
        "tid": "14382897", 
        "price": "120968000", 
        "type": "buy", 
        "amount": "0.19780655"
    }, 
    {
        "date": "1579262230", 
        "tid": "14382896", 
        "price": "120943000", 
        "type": "sell", 
        "amount": "0.47000000"
    }, 
    {
        "date": "1579262230", 
        "tid": "14382895", 
        "price": "120943000", 
        "type": "sell", 
        "amount": "0.01441766"
    }, 
    {
        "date": "1579262230", 
        "tid": "14382894", 
        "price": "120944000", 
        "type": "sell", 
        "amount": "0.00558234"
    }, 
    {
        "date": "1579262213", 
        "tid": "14382893", 
        "price": "120972000", 
        "type": "buy", 
        "amount": "0.01498767"
    }, 
    {
        "date": "1579262195", 
        "tid": "14382892", 
        "price": "120972000", 
        "type": "buy", 
        "amount": "0.01498767"
    }, 
    {
        "date": "1579262187", 
        "tid": "14382891", 
        "price": "120973000", 
        "type": "buy", 
        "amount": "0.02816083"
    }, 
    {
        "date": "1579262187", 
        "tid": "14382890", 
        "price": "120943000", 
        "type": "sell", 
        "amount": "0.82000000"
    }, 
    {
        "date": "1579262180", 
        "tid": "14382889", 
        "price": "120943000", 
        "type": "sell", 
        "amount": "0.00834174"
    }, 
    {
        "date": "1579262171", 
        "tid": "14382888", 
        "price": "120945000", 
        "type": "buy", 
        "amount": "0.01499102"
    }, 
    {
        "date": "1579262157", 
        "tid": "14382887", 
        "price": "120945000", 
        "type": "buy", 
        "amount": "0.01481731"
    }, 
    {
        "date": "1579262157", 
        "tid": "14382886", 
        "price": "120944000", 
        "type": "buy", 
        "amount": "0.00017372"
    }, 
    {
        "date": "1579262153", 
        "tid": "14382885", 
        "price": "120944000", 
        "type": "buy", 
        "amount": "0.10794928"
    }, 
    {
        "date": "1579262112", 
        "tid": "14382884", 
        "price": "120944000", 
        "type": "buy", 
        "amount": "0.01499114"
    }, 
    {
        "date": "1579262097", 
        "tid": "14382883", 
        "price": "120944000", 
        "type": "buy", 
        "amount": "0.01447131"
    }, 
    {
        "date": "1579262097", 
        "tid": "14382882", 
        "price": "120857000", 
        "type": "buy", 
        "amount": "0.00052022"
    }, 
    {
        "date": "1579262073", 
        "tid": "14382881", 
        "price": "120946000", 
        "type": "buy", 
        "amount": "0.00748372"
    }, 
    {
        "date": "1579262073", 
        "tid": "14382880", 
        "price": "120843000", 
        "type": "buy", 
        "amount": "0.00095935"
    }, 
    {
        "date": "1579262051", 
        "tid": "14382879", 
        "price": "120951000", 
        "type": "buy", 
        "amount": "0.04935510"
    }, 
    {
        "date": "1579262051", 
        "tid": "14382878", 
        "price": "120857000", 
        "type": "buy", 
        "amount": "0.01655155"
    }, 
    {
        "date": "1579262051", 
        "tid": "14382877", 
        "price": "120843000", 
        "type": "buy", 
        "amount": "0.00005093"
    }, 
    {
        "date": "1579262039", 
        "tid": "14382876", 
        "price": "120843000", 
        "type": "buy", 
        "amount": "0.00107107"
    }
]