[
    {
        "date": "1579370171", 
        "tid": "14387793", 
        "price": "120744000", 
        "type": "sell", 
        "amount": "0.00067223"
    }, 
    {
        "date": "1579370168", 
        "tid": "14387792", 
        "price": "120744000", 
        "type": "sell", 
        "amount": "0.00042398"
    }, 
    {
        "date": "1579370090", 
        "tid": "14387791", 
        "price": "120790000", 
        "type": "buy", 
        "amount": "0.21709124"
    }, 
    {
        "date": "1579370090", 
        "tid": "14387790", 
        "price": "120789000", 
        "type": "buy", 
        "amount": "0.57619201"
    }, 
    {
        "date": "1579370090", 
        "tid": "14387789", 
        "price": "120775000", 
        "type": "buy", 
        "amount": "0.00244095"
    }, 
    {
        "date": "1579370090", 
        "tid": "14387788", 
        "price": "120750000", 
        "type": "buy", 
        "amount": "0.00050472"
    }, 
    {
        "date": "1579370090", 
        "tid": "14387787", 
        "price": "120744000", 
        "type": "buy", 
        "amount": "0.00322055"
    }, 
    {
        "date": "1579370090", 
        "tid": "14387786", 
        "price": "120714000", 
        "type": "buy", 
        "amount": "0.00293727"
    }, 
    {
        "date": "1579370090", 
        "tid": "14387785", 
        "price": "120700000", 
        "type": "buy", 
        "amount": "0.00833258"
    }, 
    {
        "date": "1579369940", 
        "tid": "14387784", 
        "price": "120700000", 
        "type": "buy", 
        "amount": "0.03365537"
    }, 
    {
        "date": "1579369940", 
        "tid": "14387783", 
        "price": "120699000", 
        "type": "buy", 
        "amount": "0.04000000"
    }, 
    {
        "date": "1579369940", 
        "tid": "14387782", 
        "price": "120695000", 
        "type": "buy", 
        "amount": "0.03000000"
    }, 
    {
        "date": "1579369940", 
        "tid": "14387781", 
        "price": "120693000", 
        "type": "buy", 
        "amount": "0.03000000"
    }, 
    {
        "date": "1579369940", 
        "tid": "14387780", 
        "price": "120690000", 
        "type": "buy", 
        "amount": "0.03000000"
    }, 
    {
        "date": "1579369940", 
        "tid": "14387779", 
        "price": "120689000", 
        "type": "buy", 
        "amount": "0.08928224"
    }, 
    {
        "date": "1579369940", 
        "tid": "14387778", 
        "price": "120687000", 
        "type": "buy", 
        "amount": "0.00095734"
    }, 
    {
        "date": "1579369940", 
        "tid": "14387777", 
        "price": "120683000", 
        "type": "buy", 
        "amount": "0.00244095"
    }, 
    {
        "date": "1579369940", 
        "tid": "14387776", 
        "price": "120671000", 
        "type": "buy", 
        "amount": "0.01420408"
    }, 
    {
        "date": "1579369940", 
        "tid": "14387775", 
        "price": "120670000", 
        "type": "buy", 
        "amount": "0.00067890"
    }, 
    {
        "date": "1579369940", 
        "tid": "14387774", 
        "price": "120660000", 
        "type": "buy", 
        "amount": "0.05800000"
    }, 
    {
        "date": "1579369940", 
        "tid": "14387773", 
        "price": "120659000", 
        "type": "buy", 
        "amount": "0.00122775"
    }, 
    {
        "date": "1579369401", 
        "tid": "14387772", 
        "price": "120657000", 
        "type": "sell", 
        "amount": "0.00083187"
    }, 
    {
        "date": "1579369401", 
        "tid": "14387771", 
        "price": "120657000", 
        "type": "sell", 
        "amount": "0.00070599"
    }, 
    {
        "date": "1579369398", 
        "tid": "14387770", 
        "price": "120657000", 
        "type": "sell", 
        "amount": "0.00217950"
    }, 
    {
        "date": "1579369374", 
        "tid": "14387769", 
        "price": "120656000", 
        "type": "buy", 
        "amount": "0.00773737"
    }, 
    {
        "date": "1579369374", 
        "tid": "14387768", 
        "price": "120655000", 
        "type": "buy", 
        "amount": "0.02006072"
    }, 
    {
        "date": "1579369358", 
        "tid": "14387767", 
        "price": "120655000", 
        "type": "buy", 
        "amount": "0.00140476"
    }, 
    {
        "date": "1579369304", 
        "tid": "14387766", 
        "price": "120656000", 
        "type": "buy", 
        "amount": "0.00568986"
    }, 
    {
        "date": "1579369304", 
        "tid": "14387765", 
        "price": "120654000", 
        "type": "buy", 
        "amount": "0.01645078"
    }, 
    {
        "date": "1579369304", 
        "tid": "14387764", 
        "price": "120653000", 
        "type": "buy", 
        "amount": "0.03320679"
    }, 
    {
        "date": "1579369301", 
        "tid": "14387763", 
        "price": "120653000", 
        "type": "buy", 
        "amount": "0.00793630"
    }, 
    {
        "date": "1579369294", 
        "tid": "14387762", 
        "price": "120653000", 
        "type": "buy", 
        "amount": "0.00428289"
    }, 
    {
        "date": "1579369294", 
        "tid": "14387761", 
        "price": "120622000", 
        "type": "buy", 
        "amount": "0.00244828"
    }, 
    {
        "date": "1579369294", 
        "tid": "14387760", 
        "price": "120591000", 
        "type": "buy", 
        "amount": "0.00244828"
    }, 
    {
        "date": "1579369266", 
        "tid": "14387759", 
        "price": "120568000", 
        "type": "sell", 
        "amount": "0.00775266"
    }, 
    {
        "date": "1579369205", 
        "tid": "14387758", 
        "price": "120567000", 
        "type": "sell", 
        "amount": "0.00244828"
    }, 
    {
        "date": "1579369204", 
        "tid": "14387757", 
        "price": "120567000", 
        "type": "sell", 
        "amount": "0.00244828"
    }, 
    {
        "date": "1579369203", 
        "tid": "14387756", 
        "price": "120567000", 
        "type": "sell", 
        "amount": "0.00244828"
    }, 
    {
        "date": "1579369203", 
        "tid": "14387755", 
        "price": "120567000", 
        "type": "sell", 
        "amount": "0.00244828"
    }, 
    {
        "date": "1579369202", 
        "tid": "14387754", 
        "price": "120567000", 
        "type": "sell", 
        "amount": "0.00244828"
    }, 
    {
        "date": "1579369201", 
        "tid": "14387753", 
        "price": "120567000", 
        "type": "sell", 
        "amount": "0.00244828"
    }, 
    {
        "date": "1579369201", 
        "tid": "14387752", 
        "price": "120567000", 
        "type": "sell", 
        "amount": "0.00244828"
    }, 
    {
        "date": "1579369200", 
        "tid": "14387751", 
        "price": "120567000", 
        "type": "sell", 
        "amount": "0.00244828"
    }, 
    {
        "date": "1579369199", 
        "tid": "14387750", 
        "price": "120567000", 
        "type": "sell", 
        "amount": "0.00187924"
    }, 
    {
        "date": "1579368997", 
        "tid": "14387749", 
        "price": "120653000", 
        "type": "buy", 
        "amount": "0.01475920"
    }, 
    {
        "date": "1579368992", 
        "tid": "14387748", 
        "price": "120555000", 
        "type": "sell", 
        "amount": "0.00082339"
    }, 
    {
        "date": "1579368988", 
        "tid": "14387747", 
        "price": "120653000", 
        "type": "buy", 
        "amount": "0.01392222"
    }, 
    {
        "date": "1579368988", 
        "tid": "14387746", 
        "price": "120650000", 
        "type": "buy", 
        "amount": "0.00027052"
    }, 
    {
        "date": "1579368978", 
        "tid": "14387745", 
        "price": "120650000", 
        "type": "buy", 
        "amount": "0.02257969"
    }, 
    {
        "date": "1579368978", 
        "tid": "14387744", 
        "price": "120556000", 
        "type": "buy", 
        "amount": "0.00272315"
    }, 
    {
        "date": "1579368956", 
        "tid": "14387743", 
        "price": "120555000", 
        "type": "sell", 
        "amount": "0.00116636"
    }, 
    {
        "date": "1579368913", 
        "tid": "14387742", 
        "price": "120653000", 
        "type": "buy", 
        "amount": "0.00493661"
    }, 
    {
        "date": "1579368859", 
        "tid": "14387741", 
        "price": "120653000", 
        "type": "buy", 
        "amount": "0.00792860"
    }, 
    {
        "date": "1579368846", 
        "tid": "14387740", 
        "price": "120653000", 
        "type": "buy", 
        "amount": "0.00711746"
    }, 
    {
        "date": "1579368846", 
        "tid": "14387739", 
        "price": "120650000", 
        "type": "buy", 
        "amount": "0.00152164"
    }, 
    {
        "date": "1579368797", 
        "tid": "14387738", 
        "price": "120653000", 
        "type": "buy", 
        "amount": "0.00617075"
    }, 
    {
        "date": "1579368789", 
        "tid": "14387737", 
        "price": "120653000", 
        "type": "buy", 
        "amount": "0.00381233"
    }, 
    {
        "date": "1579368789", 
        "tid": "14387736", 
        "price": "120644000", 
        "type": "buy", 
        "amount": "0.00050725"
    }, 
    {
        "date": "1579368774", 
        "tid": "14387735", 
        "price": "120654000", 
        "type": "buy", 
        "amount": "0.00025388"
    }, 
    {
        "date": "1579368774", 
        "tid": "14387734", 
        "price": "120644000", 
        "type": "buy", 
        "amount": "0.00159747"
    }, 
    {
        "date": "1579368758", 
        "tid": "14387733", 
        "price": "120644000", 
        "type": "buy", 
        "amount": "0.00287941"
    }, 
    {
        "date": "1579368758", 
        "tid": "14387732", 
        "price": "120632000", 
        "type": "buy", 
        "amount": "0.00020623"
    }, 
    {
        "date": "1579368732", 
        "tid": "14387731", 
        "price": "120632000", 
        "type": "buy", 
        "amount": "0.00023411"
    }, 
    {
        "date": "1579368732", 
        "tid": "14387730", 
        "price": "120619000", 
        "type": "buy", 
        "amount": "0.00256592"
    }, 
    {
        "date": "1579368732", 
        "tid": "14387729", 
        "price": "120617000", 
        "type": "buy", 
        "amount": "0.00112200"
    }, 
    {
        "date": "1579368732", 
        "tid": "14387728", 
        "price": "120600000", 
        "type": "buy", 
        "amount": "0.00039880"
    }, 
    {
        "date": "1579368692", 
        "tid": "14387727", 
        "price": "120600000", 
        "type": "buy", 
        "amount": "0.01358163"
    }, 
    {
        "date": "1579368680", 
        "tid": "14387726", 
        "price": "120600000", 
        "type": "buy", 
        "amount": "0.00370407"
    }, 
    {
        "date": "1579368672", 
        "tid": "14387725", 
        "price": "120600000", 
        "type": "buy", 
        "amount": "0.00432143"
    }, 
    {
        "date": "1579368660", 
        "tid": "14387724", 
        "price": "120600000", 
        "type": "buy", 
        "amount": "0.00432189"
    }, 
    {
        "date": "1579368652", 
        "tid": "14387723", 
        "price": "120600000", 
        "type": "buy", 
        "amount": "0.00482958"
    }, 
    {
        "date": "1579368652", 
        "tid": "14387722", 
        "price": "120574000", 
        "type": "buy", 
        "amount": "0.00265944"
    }, 
    {
        "date": "1579368648", 
        "tid": "14387721", 
        "price": "120489000", 
        "type": "buy", 
        "amount": "0.00756700"
    }, 
    {
        "date": "1579368558", 
        "tid": "14387720", 
        "price": "120489000", 
        "type": "buy", 
        "amount": "0.00184987"
    }, 
    {
        "date": "1579368493", 
        "tid": "14387719", 
        "price": "120480000", 
        "type": "sell", 
        "amount": "0.00149900"
    }, 
    {
        "date": "1579368468", 
        "tid": "14387718", 
        "price": "120489000", 
        "type": "buy", 
        "amount": "0.00760301"
    }, 
    {
        "date": "1579368466", 
        "tid": "14387717", 
        "price": "120489000", 
        "type": "buy", 
        "amount": "0.01226622"
    }, 
    {
        "date": "1579368451", 
        "tid": "14387716", 
        "price": "120489000", 
        "type": "buy", 
        "amount": "0.00855347"
    }, 
    {
        "date": "1579368413", 
        "tid": "14387715", 
        "price": "120489000", 
        "type": "buy", 
        "amount": "0.00285288"
    }, 
    {
        "date": "1579368388", 
        "tid": "14387714", 
        "price": "120489000", 
        "type": "buy", 
        "amount": "0.01049054"
    }, 
    {
        "date": "1579368372", 
        "tid": "14387713", 
        "price": "120379000", 
        "type": "sell", 
        "amount": "0.00171844"
    }, 
    {
        "date": "1579368361", 
        "tid": "14387712", 
        "price": "120489000", 
        "type": "buy", 
        "amount": "0.02826871"
    }, 
    {
        "date": "1579368361", 
        "tid": "14387711", 
        "price": "120487000", 
        "type": "buy", 
        "amount": "0.00987886"
    }, 
    {
        "date": "1579368308", 
        "tid": "14387710", 
        "price": "120368000", 
        "type": "sell", 
        "amount": "0.00293793"
    }, 
    {
        "date": "1579368176", 
        "tid": "14387709", 
        "price": "120487000", 
        "type": "buy", 
        "amount": "0.00232586"
    }, 
    {
        "date": "1579368176", 
        "tid": "14387708", 
        "price": "120346000", 
        "type": "buy", 
        "amount": "0.00087754"
    }, 
    {
        "date": "1579368123", 
        "tid": "14387707", 
        "price": "120344000", 
        "type": "sell", 
        "amount": "0.00923675"
    }, 
    {
        "date": "1579368123", 
        "tid": "14387706", 
        "price": "120345000", 
        "type": "sell", 
        "amount": "0.00195065"
    }, 
    {
        "date": "1579368088", 
        "tid": "14387705", 
        "price": "120345000", 
        "type": "sell", 
        "amount": "0.00054219"
    }, 
    {
        "date": "1579367962", 
        "tid": "14387704", 
        "price": "120488000", 
        "type": "buy", 
        "amount": "0.00082747"
    }, 
    {
        "date": "1579367933", 
        "tid": "14387703", 
        "price": "120343000", 
        "type": "sell", 
        "amount": "0.15564147"
    }, 
    {
        "date": "1579367933", 
        "tid": "14387702", 
        "price": "120345000", 
        "type": "sell", 
        "amount": "0.01019882"
    }, 
    {
        "date": "1579367865", 
        "tid": "14387701", 
        "price": "120343000", 
        "type": "sell", 
        "amount": "0.02223841"
    }, 
    {
        "date": "1579367847", 
        "tid": "14387700", 
        "price": "120342000", 
        "type": "sell", 
        "amount": "0.09519641"
    }, 
    {
        "date": "1579367847", 
        "tid": "14387699", 
        "price": "120371000", 
        "type": "sell", 
        "amount": "0.00682815"
    }, 
    {
        "date": "1579367847", 
        "tid": "14387698", 
        "price": "120372000", 
        "type": "sell", 
        "amount": "0.00554783"
    }, 
    {
        "date": "1579367847", 
        "tid": "14387697", 
        "price": "120373000", 
        "type": "sell", 
        "amount": "0.00426752"
    }, 
    {
        "date": "1579367847", 
        "tid": "14387696", 
        "price": "120374000", 
        "type": "sell", 
        "amount": "0.00298724"
    }, 
    {
        "date": "1579367847", 
        "tid": "14387695", 
        "price": "120404000", 
        "type": "sell", 
        "amount": "0.00077960"
    }, 
    {
        "date": "1579367847", 
        "tid": "14387694", 
        "price": "120405000", 
        "type": "sell", 
        "amount": "0.00830530"
    }, 
    {
        "date": "1579367847", 
        "tid": "14387693", 
        "price": "120573000", 
        "type": "sell", 
        "amount": "0.09822237"
    }, 
    {
        "date": "1579367621", 
        "tid": "14387692", 
        "price": "120489000", 
        "type": "sell", 
        "amount": "0.00077959"
    }, 
    {
        "date": "1579367587", 
        "tid": "14387691", 
        "price": "120599000", 
        "type": "buy", 
        "amount": "0.00082671"
    }, 
    {
        "date": "1579367459", 
        "tid": "14387690", 
        "price": "120595000", 
        "type": "buy", 
        "amount": "0.13756787"
    }, 
    {
        "date": "1579367459", 
        "tid": "14387689", 
        "price": "120574000", 
        "type": "buy", 
        "amount": "0.00077960"
    }, 
    {
        "date": "1579367459", 
        "tid": "14387688", 
        "price": "120565000", 
        "type": "buy", 
        "amount": "0.00074470"
    }, 
    {
        "date": "1579367459", 
        "tid": "14387687", 
        "price": "120513000", 
        "type": "buy", 
        "amount": "0.00116570"
    }, 
    {
        "date": "1579367459", 
        "tid": "14387686", 
        "price": "120512000", 
        "type": "buy", 
        "amount": "0.00560421"
    }, 
    {
        "date": "1579367459", 
        "tid": "14387685", 
        "price": "120489000", 
        "type": "buy", 
        "amount": "0.01950840"
    }, 
    {
        "date": "1579367304", 
        "tid": "14387684", 
        "price": "120327000", 
        "type": "sell", 
        "amount": "0.31394683"
    }, 
    {
        "date": "1579367304", 
        "tid": "14387683", 
        "price": "120330000", 
        "type": "sell", 
        "amount": "0.00074469"
    }, 
    {
        "date": "1579367304", 
        "tid": "14387682", 
        "price": "120404000", 
        "type": "sell", 
        "amount": "0.00077960"
    }, 
    {
        "date": "1579367304", 
        "tid": "14387681", 
        "price": "120489000", 
        "type": "sell", 
        "amount": "0.00077959"
    }, 
    {
        "date": "1579367304", 
        "tid": "14387680", 
        "price": "120499000", 
        "type": "sell", 
        "amount": "0.00087676"
    }, 
    {
        "date": "1579367304", 
        "tid": "14387679", 
        "price": "120500000", 
        "type": "sell", 
        "amount": "0.00829875"
    }, 
    {
        "date": "1579367304", 
        "tid": "14387678", 
        "price": "120509000", 
        "type": "sell", 
        "amount": "0.00503271"
    }, 
    {
        "date": "1579367228", 
        "tid": "14387677", 
        "price": "120511000", 
        "type": "sell", 
        "amount": "0.00519727"
    }, 
    {
        "date": "1579367040", 
        "tid": "14387676", 
        "price": "120513000", 
        "type": "buy", 
        "amount": "0.05791128"
    }, 
    {
        "date": "1579367024", 
        "tid": "14387675", 
        "price": "120513000", 
        "type": "buy", 
        "amount": "0.00670116"
    }, 
    {
        "date": "1579367023", 
        "tid": "14387674", 
        "price": "120511000", 
        "type": "sell", 
        "amount": "0.00822996"
    }, 
    {
        "date": "1579367023", 
        "tid": "14387673", 
        "price": "120512000", 
        "type": "sell", 
        "amount": "0.00342880"
    }, 
    {
        "date": "1579366767", 
        "tid": "14387672", 
        "price": "120600000", 
        "type": "buy", 
        "amount": "0.00364290"
    }, 
    {
        "date": "1579366767", 
        "tid": "14387671", 
        "price": "120591000", 
        "type": "buy", 
        "amount": "0.00638019"
    }, 
    {
        "date": "1579366751", 
        "tid": "14387670", 
        "price": "120512000", 
        "type": "sell", 
        "amount": "0.00045669"
    }, 
    {
        "date": "1579366561", 
        "tid": "14387669", 
        "price": "120591000", 
        "type": "buy", 
        "amount": "0.00132204"
    }, 
    {
        "date": "1579366561", 
        "tid": "14387668", 
        "price": "120574000", 
        "type": "buy", 
        "amount": "0.00077960"
    }, 
    {
        "date": "1579366561", 
        "tid": "14387667", 
        "price": "120565000", 
        "type": "buy", 
        "amount": "0.00074470"
    }, 
    {
        "date": "1579366561", 
        "tid": "14387666", 
        "price": "120563000", 
        "type": "buy", 
        "amount": "0.00370000"
    }, 
    {
        "date": "1579366561", 
        "tid": "14387665", 
        "price": "120560000", 
        "type": "buy", 
        "amount": "0.00094307"
    }, 
    {
        "date": "1579366561", 
        "tid": "14387664", 
        "price": "120512000", 
        "type": "buy", 
        "amount": "0.00078019"
    }, 
    {
        "date": "1579366379", 
        "tid": "14387663", 
        "price": "120506000", 
        "type": "buy", 
        "amount": "0.02564791"
    }, 
    {
        "date": "1579366360", 
        "tid": "14387662", 
        "price": "120506000", 
        "type": "buy", 
        "amount": "0.00041368"
    }, 
    {
        "date": "1579366278", 
        "tid": "14387661", 
        "price": "120507000", 
        "type": "buy", 
        "amount": "0.00081079"
    }, 
    {
        "date": "1579366271", 
        "tid": "14387660", 
        "price": "120507000", 
        "type": "buy", 
        "amount": "0.00908334"
    }, 
    {
        "date": "1579366271", 
        "tid": "14387659", 
        "price": "120500000", 
        "type": "buy", 
        "amount": "0.00901952"
    }, 
    {
        "date": "1579366250", 
        "tid": "14387658", 
        "price": "120489000", 
        "type": "buy", 
        "amount": "0.00077960"
    }, 
    {
        "date": "1579366250", 
        "tid": "14387657", 
        "price": "120484000", 
        "type": "buy", 
        "amount": "0.00477500"
    }, 
    {
        "date": "1579366229", 
        "tid": "14387656", 
        "price": "120404000", 
        "type": "buy", 
        "amount": "0.00077960"
    }, 
    {
        "date": "1579366209", 
        "tid": "14387655", 
        "price": "120319000", 
        "type": "buy", 
        "amount": "0.00534380"
    }, 
    {
        "date": "1579366091", 
        "tid": "14387654", 
        "price": "120318000", 
        "type": "sell", 
        "amount": "0.13072753"
    }, 
    {
        "date": "1579366079", 
        "tid": "14387653", 
        "price": "120319000", 
        "type": "buy", 
        "amount": "0.00204674"
    }, 
    {
        "date": "1579366051", 
        "tid": "14387652", 
        "price": "120319000", 
        "type": "buy", 
        "amount": "0.00144171"
    }, 
    {
        "date": "1579365949", 
        "tid": "14387651", 
        "price": "120318000", 
        "type": "sell", 
        "amount": "0.03273698"
    }, 
    {
        "date": "1579365863", 
        "tid": "14387650", 
        "price": "120286000", 
        "type": "buy", 
        "amount": "0.00422500"
    }, 
    {
        "date": "1579365837", 
        "tid": "14387649", 
        "price": "120285000", 
        "type": "sell", 
        "amount": "0.00058700"
    }, 
    {
        "date": "1579365786", 
        "tid": "14387648", 
        "price": "120285000", 
        "type": "sell", 
        "amount": "0.00788005"
    }, 
    {
        "date": "1579365783", 
        "tid": "14387647", 
        "price": "120285000", 
        "type": "buy", 
        "amount": "0.00391500"
    }, 
    {
        "date": "1579365737", 
        "tid": "14387646", 
        "price": "120284000", 
        "type": "sell", 
        "amount": "0.00337845"
    }, 
    {
        "date": "1579365677", 
        "tid": "14387645", 
        "price": "120285000", 
        "type": "buy", 
        "amount": "0.00074598"
    }, 
    {
        "date": "1579365674", 
        "tid": "14387644", 
        "price": "120285000", 
        "type": "buy", 
        "amount": "0.00045599"
    }
]