[
    {
        "date": "1579401007", 
        "tid": "14389415", 
        "price": "123783000", 
        "type": "sell", 
        "amount": "0.00268199"
    }, 
    {
        "date": "1579400983", 
        "tid": "14389414", 
        "price": "123783000", 
        "type": "sell", 
        "amount": "0.01642126"
    }, 
    {
        "date": "1579400966", 
        "tid": "14389413", 
        "price": "123784000", 
        "type": "buy", 
        "amount": "0.00465756"
    }, 
    {
        "date": "1579400964", 
        "tid": "14389412", 
        "price": "123784000", 
        "type": "buy", 
        "amount": "0.00041078"
    }, 
    {
        "date": "1579400952", 
        "tid": "14389411", 
        "price": "123784000", 
        "type": "buy", 
        "amount": "0.00989731"
    }, 
    {
        "date": "1579400927", 
        "tid": "14389410", 
        "price": "123784000", 
        "type": "buy", 
        "amount": "0.00077993"
    }, 
    {
        "date": "1579400927", 
        "tid": "14389409", 
        "price": "123784000", 
        "type": "buy", 
        "amount": "0.00064435"
    }, 
    {
        "date": "1579400922", 
        "tid": "14389408", 
        "price": "123784000", 
        "type": "buy", 
        "amount": "0.03085552"
    }, 
    {
        "date": "1579400922", 
        "tid": "14389407", 
        "price": "123783000", 
        "type": "buy", 
        "amount": "0.00984833"
    }, 
    {
        "date": "1579400922", 
        "tid": "14389406", 
        "price": "123780000", 
        "type": "buy", 
        "amount": "0.06779099"
    }, 
    {
        "date": "1579400921", 
        "tid": "14389405", 
        "price": "123738000", 
        "type": "sell", 
        "amount": "0.00762991"
    }, 
    {
        "date": "1579400917", 
        "tid": "14389404", 
        "price": "123780000", 
        "type": "buy", 
        "amount": "0.00080546"
    }, 
    {
        "date": "1579400908", 
        "tid": "14389403", 
        "price": "123783000", 
        "type": "sell", 
        "amount": "0.13523288"
    }, 
    {
        "date": "1579400880", 
        "tid": "14389402", 
        "price": "123784000", 
        "type": "buy", 
        "amount": "0.00370998"
    }, 
    {
        "date": "1579400834", 
        "tid": "14389401", 
        "price": "123784000", 
        "type": "buy", 
        "amount": "0.00315348"
    }, 
    {
        "date": "1579400806", 
        "tid": "14389400", 
        "price": "123784000", 
        "type": "buy", 
        "amount": "0.02007380"
    }, 
    {
        "date": "1579400789", 
        "tid": "14389399", 
        "price": "123784000", 
        "type": "buy", 
        "amount": "0.00111193"
    }, 
    {
        "date": "1579400789", 
        "tid": "14389398", 
        "price": "123784000", 
        "type": "buy", 
        "amount": "0.00111396"
    }, 
    {
        "date": "1579400788", 
        "tid": "14389397", 
        "price": "123784000", 
        "type": "buy", 
        "amount": "0.00111599"
    }, 
    {
        "date": "1579400787", 
        "tid": "14389396", 
        "price": "123784000", 
        "type": "buy", 
        "amount": "0.00111801"
    }, 
    {
        "date": "1579400787", 
        "tid": "14389395", 
        "price": "123784000", 
        "type": "buy", 
        "amount": "0.00112004"
    }, 
    {
        "date": "1579400786", 
        "tid": "14389394", 
        "price": "123784000", 
        "type": "buy", 
        "amount": "0.00112207"
    }, 
    {
        "date": "1579400785", 
        "tid": "14389393", 
        "price": "123784000", 
        "type": "buy", 
        "amount": "0.00112410"
    }, 
    {
        "date": "1579400785", 
        "tid": "14389392", 
        "price": "123784000", 
        "type": "buy", 
        "amount": "0.00112613"
    }, 
    {
        "date": "1579400773", 
        "tid": "14389391", 
        "price": "123784000", 
        "type": "buy", 
        "amount": "0.01433402"
    }, 
    {
        "date": "1579400773", 
        "tid": "14389390", 
        "price": "123784000", 
        "type": "buy", 
        "amount": "0.00112816"
    }, 
    {
        "date": "1579400772", 
        "tid": "14389389", 
        "price": "123784000", 
        "type": "buy", 
        "amount": "0.00113019"
    }, 
    {
        "date": "1579400771", 
        "tid": "14389388", 
        "price": "123784000", 
        "type": "buy", 
        "amount": "0.00113222"
    }, 
    {
        "date": "1579400771", 
        "tid": "14389387", 
        "price": "123784000", 
        "type": "buy", 
        "amount": "0.00113425"
    }, 
    {
        "date": "1579400770", 
        "tid": "14389386", 
        "price": "123784000", 
        "type": "buy", 
        "amount": "0.00113628"
    }, 
    {
        "date": "1579400769", 
        "tid": "14389385", 
        "price": "123784000", 
        "type": "buy", 
        "amount": "0.00113831"
    }, 
    {
        "date": "1579400769", 
        "tid": "14389384", 
        "price": "123784000", 
        "type": "buy", 
        "amount": "0.00114033"
    }, 
    {
        "date": "1579400768", 
        "tid": "14389383", 
        "price": "123784000", 
        "type": "buy", 
        "amount": "0.00093960"
    }, 
    {
        "date": "1579400756", 
        "tid": "14389382", 
        "price": "123784000", 
        "type": "buy", 
        "amount": "0.00805442"
    }, 
    {
        "date": "1579400745", 
        "tid": "14389381", 
        "price": "123644000", 
        "type": "buy", 
        "amount": "0.00057195"
    }, 
    {
        "date": "1579400741", 
        "tid": "14389380", 
        "price": "123644000", 
        "type": "sell", 
        "amount": "0.00079417"
    }, 
    {
        "date": "1579400721", 
        "tid": "14389379", 
        "price": "123784000", 
        "type": "buy", 
        "amount": "0.00402720"
    }, 
    {
        "date": "1579400704", 
        "tid": "14389378", 
        "price": "123784000", 
        "type": "buy", 
        "amount": "0.00067028"
    }, 
    {
        "date": "1579400703", 
        "tid": "14389377", 
        "price": "123784000", 
        "type": "buy", 
        "amount": "0.00265796"
    }, 
    {
        "date": "1579400702", 
        "tid": "14389376", 
        "price": "123784000", 
        "type": "buy", 
        "amount": "0.00041078"
    }, 
    {
        "date": "1579400672", 
        "tid": "14389375", 
        "price": "123784000", 
        "type": "buy", 
        "amount": "0.02597575"
    }, 
    {
        "date": "1579400670", 
        "tid": "14389374", 
        "price": "123784000", 
        "type": "buy", 
        "amount": "0.16062026"
    }, 
    {
        "date": "1579400665", 
        "tid": "14389373", 
        "price": "123784000", 
        "type": "buy", 
        "amount": "0.00243020"
    }, 
    {
        "date": "1579400653", 
        "tid": "14389372", 
        "price": "123639000", 
        "type": "sell", 
        "amount": "0.13016270"
    }, 
    {
        "date": "1579400653", 
        "tid": "14389371", 
        "price": "123784000", 
        "type": "buy", 
        "amount": "0.00160851"
    }, 
    {
        "date": "1579400634", 
        "tid": "14389370", 
        "price": "123784000", 
        "type": "buy", 
        "amount": "0.93032423"
    }, 
    {
        "date": "1579400634", 
        "tid": "14389369", 
        "price": "123780000", 
        "type": "buy", 
        "amount": "0.00471997"
    }, 
    {
        "date": "1579400634", 
        "tid": "14389368", 
        "price": "123779000", 
        "type": "buy", 
        "amount": "0.18481621"
    }, 
    {
        "date": "1579400634", 
        "tid": "14389367", 
        "price": "123775000", 
        "type": "buy", 
        "amount": "0.02767235"
    }, 
    {
        "date": "1579400634", 
        "tid": "14389366", 
        "price": "123750000", 
        "type": "buy", 
        "amount": "0.00498726"
    }, 
    {
        "date": "1579400634", 
        "tid": "14389365", 
        "price": "123733000", 
        "type": "buy", 
        "amount": "0.00161930"
    }, 
    {
        "date": "1579400634", 
        "tid": "14389364", 
        "price": "123723000", 
        "type": "buy", 
        "amount": "0.00077960"
    }, 
    {
        "date": "1579400634", 
        "tid": "14389363", 
        "price": "123711000", 
        "type": "buy", 
        "amount": "0.00081896"
    }, 
    {
        "date": "1579400634", 
        "tid": "14389362", 
        "price": "123702000", 
        "type": "buy", 
        "amount": "0.00240545"
    }, 
    {
        "date": "1579400634", 
        "tid": "14389361", 
        "price": "123700000", 
        "type": "buy", 
        "amount": "0.06822819"
    }, 
    {
        "date": "1579400634", 
        "tid": "14389360", 
        "price": "123688000", 
        "type": "buy", 
        "amount": "0.02912978"
    }, 
    {
        "date": "1579400634", 
        "tid": "14389359", 
        "price": "123678000", 
        "type": "buy", 
        "amount": "0.00084333"
    }, 
    {
        "date": "1579400634", 
        "tid": "14389358", 
        "price": "123670000", 
        "type": "buy", 
        "amount": "0.00053671"
    }, 
    {
        "date": "1579400634", 
        "tid": "14389357", 
        "price": "123662000", 
        "type": "buy", 
        "amount": "0.00760695"
    }, 
    {
        "date": "1579400634", 
        "tid": "14389356", 
        "price": "123649000", 
        "type": "buy", 
        "amount": "0.00781599"
    }, 
    {
        "date": "1579400634", 
        "tid": "14389355", 
        "price": "123638000", 
        "type": "buy", 
        "amount": "0.00534164"
    }, 
    {
        "date": "1579400620", 
        "tid": "14389354", 
        "price": "123630000", 
        "type": "buy", 
        "amount": "0.00074470"
    }, 
    {
        "date": "1579400587", 
        "tid": "14389353", 
        "price": "123622000", 
        "type": "sell", 
        "amount": "0.08800000"
    }, 
    {
        "date": "1579400569", 
        "tid": "14389352", 
        "price": "123622000", 
        "type": "sell", 
        "amount": "0.00045515"
    }, 
    {
        "date": "1579400566", 
        "tid": "14389351", 
        "price": "123622000", 
        "type": "buy", 
        "amount": "0.00384367"
    }, 
    {
        "date": "1579400547", 
        "tid": "14389350", 
        "price": "123599000", 
        "type": "sell", 
        "amount": "0.00045672"
    }, 
    {
        "date": "1579400543", 
        "tid": "14389349", 
        "price": "123622000", 
        "type": "buy", 
        "amount": "0.00039060"
    }, 
    {
        "date": "1579400543", 
        "tid": "14389348", 
        "price": "123603000", 
        "type": "buy", 
        "amount": "0.00002073"
    }, 
    {
        "date": "1579400536", 
        "tid": "14389347", 
        "price": "123599000", 
        "type": "sell", 
        "amount": "0.03216590"
    }, 
    {
        "date": "1579400534", 
        "tid": "14389346", 
        "price": "123603000", 
        "type": "buy", 
        "amount": "0.00050570"
    }, 
    {
        "date": "1579400524", 
        "tid": "14389345", 
        "price": "123599000", 
        "type": "buy", 
        "amount": "0.26368049"
    }, 
    {
        "date": "1579400524", 
        "tid": "14389344", 
        "price": "123577000", 
        "type": "buy", 
        "amount": "0.02063506"
    }, 
    {
        "date": "1579400524", 
        "tid": "14389343", 
        "price": "123571000", 
        "type": "buy", 
        "amount": "0.00246508"
    }, 
    {
        "date": "1579400524", 
        "tid": "14389342", 
        "price": "123557000", 
        "type": "buy", 
        "amount": "0.00044034"
    }, 
    {
        "date": "1579400524", 
        "tid": "14389341", 
        "price": "123553000", 
        "type": "buy", 
        "amount": "0.00077960"
    }, 
    {
        "date": "1579400524", 
        "tid": "14389340", 
        "price": "123550000", 
        "type": "buy", 
        "amount": "0.00026082"
    }, 
    {
        "date": "1579400521", 
        "tid": "14389339", 
        "price": "123550000", 
        "type": "buy", 
        "amount": "0.01495513"
    }, 
    {
        "date": "1579400509", 
        "tid": "14389338", 
        "price": "123550000", 
        "type": "buy", 
        "amount": "0.00131942"
    }, 
    {
        "date": "1579400509", 
        "tid": "14389337", 
        "price": "123544000", 
        "type": "buy", 
        "amount": "0.00049780"
    }, 
    {
        "date": "1579400509", 
        "tid": "14389336", 
        "price": "123541000", 
        "type": "buy", 
        "amount": "0.00067890"
    }, 
    {
        "date": "1579400509", 
        "tid": "14389335", 
        "price": "123531000", 
        "type": "buy", 
        "amount": "0.00180273"
    }, 
    {
        "date": "1579400509", 
        "tid": "14389334", 
        "price": "123501000", 
        "type": "buy", 
        "amount": "0.00048656"
    }, 
    {
        "date": "1579400494", 
        "tid": "14389333", 
        "price": "123500000", 
        "type": "sell", 
        "amount": "0.05000000"
    }, 
    {
        "date": "1579400452", 
        "tid": "14389332", 
        "price": "123501000", 
        "type": "buy", 
        "amount": "0.00199402"
    }, 
    {
        "date": "1579400449", 
        "tid": "14389331", 
        "price": "123500000", 
        "type": "buy", 
        "amount": "0.00009898"
    }, 
    {
        "date": "1579400448", 
        "tid": "14389330", 
        "price": "123500000", 
        "type": "buy", 
        "amount": "0.00697906"
    }, 
    {
        "date": "1579400389", 
        "tid": "14389329", 
        "price": "123499000", 
        "type": "sell", 
        "amount": "0.00434975"
    }, 
    {
        "date": "1579400379", 
        "tid": "14389328", 
        "price": "123500000", 
        "type": "buy", 
        "amount": "0.16145894"
    }, 
    {
        "date": "1579400369", 
        "tid": "14389327", 
        "price": "123500000", 
        "type": "buy", 
        "amount": "0.04537259"
    }, 
    {
        "date": "1579400324", 
        "tid": "14389326", 
        "price": "123500000", 
        "type": "buy", 
        "amount": "0.01614589"
    }, 
    {
        "date": "1579400321", 
        "tid": "14389325", 
        "price": "123499000", 
        "type": "sell", 
        "amount": "0.00307431"
    }, 
    {
        "date": "1579400318", 
        "tid": "14389324", 
        "price": "123500000", 
        "type": "buy", 
        "amount": "0.00239173"
    }, 
    {
        "date": "1579400272", 
        "tid": "14389323", 
        "price": "123500000", 
        "type": "buy", 
        "amount": "0.00118910"
    }, 
    {
        "date": "1579400271", 
        "tid": "14389322", 
        "price": "123500000", 
        "type": "buy", 
        "amount": "0.00718349"
    }, 
    {
        "date": "1579400261", 
        "tid": "14389321", 
        "price": "123500000", 
        "type": "buy", 
        "amount": "0.00183765"
    }, 
    {
        "date": "1579400252", 
        "tid": "14389320", 
        "price": "123500000", 
        "type": "buy", 
        "amount": "0.00622570"
    }, 
    {
        "date": "1579400244", 
        "tid": "14389319", 
        "price": "123500000", 
        "type": "buy", 
        "amount": "0.00718350"
    }, 
    {
        "date": "1579400241", 
        "tid": "14389318", 
        "price": "123500000", 
        "type": "buy", 
        "amount": "0.00068774"
    }, 
    {
        "date": "1579400211", 
        "tid": "14389317", 
        "price": "123431000", 
        "type": "sell", 
        "amount": "0.00114565"
    }, 
    {
        "date": "1579400211", 
        "tid": "14389316", 
        "price": "123499000", 
        "type": "sell", 
        "amount": "0.04858338"
    }, 
    {
        "date": "1579400203", 
        "tid": "14389315", 
        "price": "123500000", 
        "type": "buy", 
        "amount": "0.01522178"
    }, 
    {
        "date": "1579400195", 
        "tid": "14389314", 
        "price": "123500000", 
        "type": "buy", 
        "amount": "0.03353841"
    }, 
    {
        "date": "1579400176", 
        "tid": "14389313", 
        "price": "123500000", 
        "type": "buy", 
        "amount": "2.19235685"
    }, 
    {
        "date": "1579400158", 
        "tid": "14389312", 
        "price": "123500000", 
        "type": "buy", 
        "amount": "0.00165021"
    }, 
    {
        "date": "1579400102", 
        "tid": "14389311", 
        "price": "123500000", 
        "type": "buy", 
        "amount": "1.90141031"
    }, 
    {
        "date": "1579400102", 
        "tid": "14389310", 
        "price": "123499000", 
        "type": "buy", 
        "amount": "0.09859049"
    }, 
    {
        "date": "1579400102", 
        "tid": "14389309", 
        "price": "123499000", 
        "type": "buy", 
        "amount": "0.00722460"
    }, 
    {
        "date": "1579400097", 
        "tid": "14389308", 
        "price": "123499000", 
        "type": "buy", 
        "amount": "0.00229137"
    }, 
    {
        "date": "1579400096", 
        "tid": "14389307", 
        "price": "123452000", 
        "type": "sell", 
        "amount": "0.00193900"
    }, 
    {
        "date": "1579400093", 
        "tid": "14389306", 
        "price": "123499000", 
        "type": "buy", 
        "amount": "0.00066147"
    }, 
    {
        "date": "1579400093", 
        "tid": "14389305", 
        "price": "123469000", 
        "type": "buy", 
        "amount": "0.00540464"
    }, 
    {
        "date": "1579400085", 
        "tid": "14389304", 
        "price": "123469000", 
        "type": "buy", 
        "amount": "0.00718530"
    }, 
    {
        "date": "1579400067", 
        "tid": "14389303", 
        "price": "123469000", 
        "type": "buy", 
        "amount": "0.07400066"
    }, 
    {
        "date": "1579400055", 
        "tid": "14389302", 
        "price": "123451000", 
        "type": "buy", 
        "amount": "0.00061780"
    }, 
    {
        "date": "1579400052", 
        "tid": "14389301", 
        "price": "123469000", 
        "type": "buy", 
        "amount": "0.05551398"
    }, 
    {
        "date": "1579400051", 
        "tid": "14389300", 
        "price": "123469000", 
        "type": "buy", 
        "amount": "0.04090314"
    }, 
    {
        "date": "1579400040", 
        "tid": "14389299", 
        "price": "123498000", 
        "type": "sell", 
        "amount": "0.07867916"
    }, 
    {
        "date": "1579400033", 
        "tid": "14389298", 
        "price": "123499000", 
        "type": "buy", 
        "amount": "0.05619512"
    }, 
    {
        "date": "1579400030", 
        "tid": "14389297", 
        "price": "123499000", 
        "type": "buy", 
        "amount": "0.00598205"
    }, 
    {
        "date": "1579400025", 
        "tid": "14389296", 
        "price": "123499000", 
        "type": "buy", 
        "amount": "0.00718355"
    }, 
    {
        "date": "1579400021", 
        "tid": "14389295", 
        "price": "123499000", 
        "type": "buy", 
        "amount": "0.06389467"
    }, 
    {
        "date": "1579400018", 
        "tid": "14389294", 
        "price": "123499000", 
        "type": "buy", 
        "amount": "0.00815293"
    }, 
    {
        "date": "1579400018", 
        "tid": "14389293", 
        "price": "123469000", 
        "type": "buy", 
        "amount": "0.00631552"
    }, 
    {
        "date": "1579400010", 
        "tid": "14389292", 
        "price": "123469000", 
        "type": "buy", 
        "amount": "0.01468448"
    }, 
    {
        "date": "1579400010", 
        "tid": "14389291", 
        "price": "123451000", 
        "type": "buy", 
        "amount": "0.00130934"
    }, 
    {
        "date": "1579399985", 
        "tid": "14389290", 
        "price": "123499000", 
        "type": "buy", 
        "amount": "0.00403651"
    }, 
    {
        "date": "1579399982", 
        "tid": "14389289", 
        "price": "123499000", 
        "type": "buy", 
        "amount": "0.03646990"
    }, 
    {
        "date": "1579399977", 
        "tid": "14389288", 
        "price": "123450000", 
        "type": "sell", 
        "amount": "0.01998127"
    }, 
    {
        "date": "1579399975", 
        "tid": "14389287", 
        "price": "123499000", 
        "type": "buy", 
        "amount": "0.00226536"
    }, 
    {
        "date": "1579399975", 
        "tid": "14389286", 
        "price": "123469000", 
        "type": "buy", 
        "amount": "0.00390809"
    }, 
    {
        "date": "1579399975", 
        "tid": "14389285", 
        "price": "123451000", 
        "type": "buy", 
        "amount": "0.00081983"
    }, 
    {
        "date": "1579399967", 
        "tid": "14389284", 
        "price": "123469000", 
        "type": "buy", 
        "amount": "0.03236120"
    }, 
    {
        "date": "1579399959", 
        "tid": "14389283", 
        "price": "123469000", 
        "type": "buy", 
        "amount": "0.00456916"
    }, 
    {
        "date": "1579399951", 
        "tid": "14389282", 
        "price": "123469000", 
        "type": "buy", 
        "amount": "0.01172901"
    }, 
    {
        "date": "1579399951", 
        "tid": "14389281", 
        "price": "123468000", 
        "type": "buy", 
        "amount": "0.00047209"
    }, 
    {
        "date": "1579399948", 
        "tid": "14389280", 
        "price": "123468000", 
        "type": "buy", 
        "amount": "0.00080751"
    }, 
    {
        "date": "1579399926", 
        "tid": "14389279", 
        "price": "123410000", 
        "type": "buy", 
        "amount": "0.41403532"
    }, 
    {
        "date": "1579399916", 
        "tid": "14389278", 
        "price": "123410000", 
        "type": "buy", 
        "amount": "0.00508005"
    }, 
    {
        "date": "1579399906", 
        "tid": "14389277", 
        "price": "123410000", 
        "type": "buy", 
        "amount": "0.00158345"
    }, 
    {
        "date": "1579399900", 
        "tid": "14389276", 
        "price": "123410000", 
        "type": "buy", 
        "amount": "0.05585849"
    }, 
    {
        "date": "1579399886", 
        "tid": "14389275", 
        "price": "123410000", 
        "type": "buy", 
        "amount": "0.05982054"
    }, 
    {
        "date": "1579399883", 
        "tid": "14389274", 
        "price": "123410000", 
        "type": "buy", 
        "amount": "0.59022931"
    }, 
    {
        "date": "1579399856", 
        "tid": "14389273", 
        "price": "123410000", 
        "type": "sell", 
        "amount": "0.00508265"
    }, 
    {
        "date": "1579399803", 
        "tid": "14389272", 
        "price": "123410000", 
        "type": "buy", 
        "amount": "0.00239754"
    }, 
    {
        "date": "1579399768", 
        "tid": "14389271", 
        "price": "123408000", 
        "type": "buy", 
        "amount": "0.00718885"
    }, 
    {
        "date": "1579399763", 
        "tid": "14389270", 
        "price": "123408000", 
        "type": "buy", 
        "amount": "0.00041203"
    }, 
    {
        "date": "1579399754", 
        "tid": "14389269", 
        "price": "123408000", 
        "type": "buy", 
        "amount": "0.00718886"
    }, 
    {
        "date": "1579399734", 
        "tid": "14389268", 
        "price": "123408000", 
        "type": "buy", 
        "amount": "0.04039482"
    }, 
    {
        "date": "1579399729", 
        "tid": "14389267", 
        "price": "123408000", 
        "type": "buy", 
        "amount": "0.00718885"
    }, 
    {
        "date": "1579399719", 
        "tid": "14389266", 
        "price": "123408000", 
        "type": "buy", 
        "amount": "0.00718885"
    }
]