[
    {
        "date": "1579357684", 
        "tid": "14387141", 
        "price": "120973000", 
        "type": "sell", 
        "amount": "0.00041621"
    }, 
    {
        "date": "1579357676", 
        "tid": "14387140", 
        "price": "120973000", 
        "type": "buy", 
        "amount": "0.06458795"
    }, 
    {
        "date": "1579357626", 
        "tid": "14387139", 
        "price": "120973000", 
        "type": "buy", 
        "amount": "0.00089935"
    }, 
    {
        "date": "1579357578", 
        "tid": "14387138", 
        "price": "120972000", 
        "type": "sell", 
        "amount": "0.00771902"
    }, 
    {
        "date": "1579357559", 
        "tid": "14387137", 
        "price": "120970000", 
        "type": "sell", 
        "amount": "0.01513559"
    }, 
    {
        "date": "1579357547", 
        "tid": "14387136", 
        "price": "120970000", 
        "type": "buy", 
        "amount": "0.01086823"
    }, 
    {
        "date": "1579357545", 
        "tid": "14387135", 
        "price": "120970000", 
        "type": "buy", 
        "amount": "0.00164835"
    }, 
    {
        "date": "1579357544", 
        "tid": "14387134", 
        "price": "120959000", 
        "type": "sell", 
        "amount": "0.01513697"
    }, 
    {
        "date": "1579357515", 
        "tid": "14387133", 
        "price": "120970000", 
        "type": "buy", 
        "amount": "0.00003253"
    }, 
    {
        "date": "1579357515", 
        "tid": "14387132", 
        "price": "120959000", 
        "type": "buy", 
        "amount": "0.00038785"
    }, 
    {
        "date": "1579357470", 
        "tid": "14387131", 
        "price": "120959000", 
        "type": "buy", 
        "amount": "0.00205323"
    }, 
    {
        "date": "1579357470", 
        "tid": "14387130", 
        "price": "120928000", 
        "type": "buy", 
        "amount": "0.00244108"
    }, 
    {
        "date": "1579357470", 
        "tid": "14387129", 
        "price": "120922000", 
        "type": "buy", 
        "amount": "0.00100000"
    }, 
    {
        "date": "1579357470", 
        "tid": "14387128", 
        "price": "120914000", 
        "type": "buy", 
        "amount": "0.00077960"
    }, 
    {
        "date": "1579357470", 
        "tid": "14387127", 
        "price": "120897000", 
        "type": "buy", 
        "amount": "0.00197090"
    }, 
    {
        "date": "1579357462", 
        "tid": "14387126", 
        "price": "120897000", 
        "type": "buy", 
        "amount": "0.00047018"
    }, 
    {
        "date": "1579357462", 
        "tid": "14387125", 
        "price": "120867000", 
        "type": "buy", 
        "amount": "0.00244108"
    }, 
    {
        "date": "1579357440", 
        "tid": "14387124", 
        "price": "120852000", 
        "type": "buy", 
        "amount": "0.23653188"
    }, 
    {
        "date": "1579357431", 
        "tid": "14387123", 
        "price": "120852000", 
        "type": "buy", 
        "amount": "0.00686794"
    }, 
    {
        "date": "1579357418", 
        "tid": "14387122", 
        "price": "120852000", 
        "type": "buy", 
        "amount": "0.01173166"
    }, 
    {
        "date": "1579357418", 
        "tid": "14387121", 
        "price": "120845000", 
        "type": "buy", 
        "amount": "0.00192211"
    }, 
    {
        "date": "1579357381", 
        "tid": "14387120", 
        "price": "120840000", 
        "type": "buy", 
        "amount": "0.06577958"
    }, 
    {
        "date": "1579357349", 
        "tid": "14387119", 
        "price": "120840000", 
        "type": "buy", 
        "amount": "0.01650130"
    }, 
    {
        "date": "1579357322", 
        "tid": "14387118", 
        "price": "120840000", 
        "type": "buy", 
        "amount": "0.00313525"
    }, 
    {
        "date": "1579357322", 
        "tid": "14387117", 
        "price": "120840000", 
        "type": "buy", 
        "amount": "0.00162834"
    }, 
    {
        "date": "1579357320", 
        "tid": "14387116", 
        "price": "120840000", 
        "type": "buy", 
        "amount": "0.00042078"
    }, 
    {
        "date": "1579357319", 
        "tid": "14387115", 
        "price": "120840000", 
        "type": "buy", 
        "amount": "0.00313525"
    }, 
    {
        "date": "1579357298", 
        "tid": "14387114", 
        "price": "120840000", 
        "type": "buy", 
        "amount": "0.00316825"
    }, 
    {
        "date": "1579357289", 
        "tid": "14387113", 
        "price": "120840000", 
        "type": "buy", 
        "amount": "0.00528042"
    }, 
    {
        "date": "1579357288", 
        "tid": "14387112", 
        "price": "120840000", 
        "type": "buy", 
        "amount": "0.01650130"
    }, 
    {
        "date": "1579357287", 
        "tid": "14387111", 
        "price": "120840000", 
        "type": "buy", 
        "amount": "0.09035973"
    }, 
    {
        "date": "1579357284", 
        "tid": "14387110", 
        "price": "120840000", 
        "type": "buy", 
        "amount": "0.00377578"
    }, 
    {
        "date": "1579357283", 
        "tid": "14387109", 
        "price": "120840000", 
        "type": "buy", 
        "amount": "0.00297024"
    }, 
    {
        "date": "1579357278", 
        "tid": "14387108", 
        "price": "120840000", 
        "type": "buy", 
        "amount": "0.01125593"
    }, 
    {
        "date": "1579357274", 
        "tid": "14387107", 
        "price": "120840000", 
        "type": "buy", 
        "amount": "0.00420783"
    }, 
    {
        "date": "1579357271", 
        "tid": "14387106", 
        "price": "120840000", 
        "type": "buy", 
        "amount": "0.00420783"
    }, 
    {
        "date": "1579357253", 
        "tid": "14387105", 
        "price": "120840000", 
        "type": "buy", 
        "amount": "0.01373725"
    }, 
    {
        "date": "1579357244", 
        "tid": "14387104", 
        "price": "120839000", 
        "type": "buy", 
        "amount": "0.00118284"
    }, 
    {
        "date": "1579357225", 
        "tid": "14387103", 
        "price": "120838000", 
        "type": "sell", 
        "amount": "0.01880566"
    }, 
    {
        "date": "1579357201", 
        "tid": "14387102", 
        "price": "120839000", 
        "type": "buy", 
        "amount": "0.00041254"
    }, 
    {
        "date": "1579357160", 
        "tid": "14387101", 
        "price": "120839000", 
        "type": "buy", 
        "amount": "0.00123761"
    }, 
    {
        "date": "1579357130", 
        "tid": "14387100", 
        "price": "120839000", 
        "type": "buy", 
        "amount": "0.01373737"
    }, 
    {
        "date": "1579357028", 
        "tid": "14387099", 
        "price": "120839000", 
        "type": "buy", 
        "amount": "0.11911115"
    }, 
    {
        "date": "1579357028", 
        "tid": "14387098", 
        "price": "120836000", 
        "type": "buy", 
        "amount": "0.00244108"
    }, 
    {
        "date": "1579357028", 
        "tid": "14387097", 
        "price": "120806000", 
        "type": "buy", 
        "amount": "0.00220928"
    }, 
    {
        "date": "1579357028", 
        "tid": "14387096", 
        "price": "120806000", 
        "type": "buy", 
        "amount": "0.00048439"
    }, 
    {
        "date": "1579356937", 
        "tid": "14387095", 
        "price": "120806000", 
        "type": "sell", 
        "amount": "0.00823166"
    }, 
    {
        "date": "1579356937", 
        "tid": "14387094", 
        "price": "120807000", 
        "type": "sell", 
        "amount": "0.04227975"
    }, 
    {
        "date": "1579356846", 
        "tid": "14387093", 
        "price": "120806000", 
        "type": "sell", 
        "amount": "0.00041771"
    }, 
    {
        "date": "1579356815", 
        "tid": "14387092", 
        "price": "120840000", 
        "type": "sell", 
        "amount": "0.08030574"
    }, 
    {
        "date": "1579356810", 
        "tid": "14387091", 
        "price": "120849000", 
        "type": "buy", 
        "amount": "0.00246659"
    }, 
    {
        "date": "1579356775", 
        "tid": "14387090", 
        "price": "120836000", 
        "type": "buy", 
        "amount": "0.00244108"
    }, 
    {
        "date": "1579356702", 
        "tid": "14387089", 
        "price": "120780000", 
        "type": "sell", 
        "amount": "0.00349716"
    }, 
    {
        "date": "1579356658", 
        "tid": "14387088", 
        "price": "120800000", 
        "type": "buy", 
        "amount": "0.00041840"
    }, 
    {
        "date": "1579356641", 
        "tid": "14387087", 
        "price": "120801000", 
        "type": "sell", 
        "amount": "0.00136422"
    }, 
    {
        "date": "1579356641", 
        "tid": "14387086", 
        "price": "120806000", 
        "type": "sell", 
        "amount": "0.00244107"
    }, 
    {
        "date": "1579356641", 
        "tid": "14387085", 
        "price": "120829000", 
        "type": "sell", 
        "amount": "0.00077959"
    }, 
    {
        "date": "1579356641", 
        "tid": "14387084", 
        "price": "120834000", 
        "type": "sell", 
        "amount": "0.00521375"
    }, 
    {
        "date": "1579356641", 
        "tid": "14387083", 
        "price": "120835000", 
        "type": "sell", 
        "amount": "0.00041792"
    }, 
    {
        "date": "1579356638", 
        "tid": "14387082", 
        "price": "120836000", 
        "type": "sell", 
        "amount": "0.00149788"
    }, 
    {
        "date": "1579356637", 
        "tid": "14387081", 
        "price": "120850000", 
        "type": "buy", 
        "amount": "0.00060019"
    }, 
    {
        "date": "1579356630", 
        "tid": "14387080", 
        "price": "120850000", 
        "type": "buy", 
        "amount": "0.00961529"
    }, 
    {
        "date": "1579356593", 
        "tid": "14387079", 
        "price": "120836000", 
        "type": "sell", 
        "amount": "0.00094322"
    }, 
    {
        "date": "1579356582", 
        "tid": "14387078", 
        "price": "120849000", 
        "type": "buy", 
        "amount": "0.01373624"
    }, 
    {
        "date": "1579356554", 
        "tid": "14387077", 
        "price": "120850000", 
        "type": "sell", 
        "amount": "0.00568850"
    }, 
    {
        "date": "1579356554", 
        "tid": "14387076", 
        "price": "120851000", 
        "type": "sell", 
        "amount": "0.00295870"
    }, 
    {
        "date": "1579356539", 
        "tid": "14387075", 
        "price": "120852000", 
        "type": "buy", 
        "amount": "0.00328812"
    }, 
    {
        "date": "1579356534", 
        "tid": "14387074", 
        "price": "120852000", 
        "type": "buy", 
        "amount": "0.00042074"
    }, 
    {
        "date": "1579356530", 
        "tid": "14387073", 
        "price": "120852000", 
        "type": "buy", 
        "amount": "0.00189746"
    }, 
    {
        "date": "1579356509", 
        "tid": "14387072", 
        "price": "120851000", 
        "type": "sell", 
        "amount": "0.00048639"
    }, 
    {
        "date": "1579356499", 
        "tid": "14387071", 
        "price": "120851000", 
        "type": "sell", 
        "amount": "0.00077174"
    }, 
    {
        "date": "1579356499", 
        "tid": "14387070", 
        "price": "120867000", 
        "type": "sell", 
        "amount": "0.00244107"
    }, 
    {
        "date": "1579356499", 
        "tid": "14387069", 
        "price": "120895000", 
        "type": "sell", 
        "amount": "0.00192000"
    }, 
    {
        "date": "1579356499", 
        "tid": "14387068", 
        "price": "120897000", 
        "type": "sell", 
        "amount": "0.00244109"
    }, 
    {
        "date": "1579356493", 
        "tid": "14387067", 
        "price": "120924000", 
        "type": "sell", 
        "amount": "0.15426545"
    }, 
    {
        "date": "1579356490", 
        "tid": "14387066", 
        "price": "120924000", 
        "type": "sell", 
        "amount": "0.00757067"
    }, 
    {
        "date": "1579356482", 
        "tid": "14387065", 
        "price": "120924000", 
        "type": "sell", 
        "amount": "0.00166554"
    }, 
    {
        "date": "1579356469", 
        "tid": "14387064", 
        "price": "120924000", 
        "type": "sell", 
        "amount": "0.00151413"
    }, 
    {
        "date": "1579356449", 
        "tid": "14387063", 
        "price": "120924000", 
        "type": "sell", 
        "amount": "0.00189266"
    }, 
    {
        "date": "1579356439", 
        "tid": "14387062", 
        "price": "120924000", 
        "type": "sell", 
        "amount": "0.00263125"
    }, 
    {
        "date": "1579356439", 
        "tid": "14387061", 
        "price": "120928000", 
        "type": "sell", 
        "amount": "0.00024560"
    }, 
    {
        "date": "1579356411", 
        "tid": "14387060", 
        "price": "120928000", 
        "type": "sell", 
        "amount": "0.00219549"
    }, 
    {
        "date": "1579356351", 
        "tid": "14387059", 
        "price": "120972000", 
        "type": "buy", 
        "amount": "0.02394969"
    }, 
    {
        "date": "1579356351", 
        "tid": "14387058", 
        "price": "120959000", 
        "type": "buy", 
        "amount": "0.00159963"
    }, 
    {
        "date": "1579356347", 
        "tid": "14387057", 
        "price": "120924000", 
        "type": "sell", 
        "amount": "0.00333109"
    }, 
    {
        "date": "1579356332", 
        "tid": "14387056", 
        "price": "120924000", 
        "type": "sell", 
        "amount": "0.00757067"
    }, 
    {
        "date": "1579356329", 
        "tid": "14387055", 
        "price": "120924000", 
        "type": "sell", 
        "amount": "0.08960284"
    }, 
    {
        "date": "1579356329", 
        "tid": "14387054", 
        "price": "120928000", 
        "type": "sell", 
        "amount": "0.03939716"
    }, 
    {
        "date": "1579356302", 
        "tid": "14387053", 
        "price": "120959000", 
        "type": "buy", 
        "amount": "0.00164850"
    }, 
    {
        "date": "1579356285", 
        "tid": "14387052", 
        "price": "120973000", 
        "type": "buy", 
        "amount": "0.00041208"
    }, 
    {
        "date": "1579356281", 
        "tid": "14387051", 
        "price": "120928000", 
        "type": "sell", 
        "amount": "0.00439084"
    }, 
    {
        "date": "1579356271", 
        "tid": "14387050", 
        "price": "120973000", 
        "type": "buy", 
        "amount": "0.00065723"
    }, 
    {
        "date": "1579356266", 
        "tid": "14387049", 
        "price": "120973000", 
        "type": "buy", 
        "amount": "0.00255489"
    }, 
    {
        "date": "1579356235", 
        "tid": "14387048", 
        "price": "120973000", 
        "type": "buy", 
        "amount": "0.01816317"
    }, 
    {
        "date": "1579356177", 
        "tid": "14387047", 
        "price": "120924000", 
        "type": "sell", 
        "amount": "0.00393557"
    }, 
    {
        "date": "1579356145", 
        "tid": "14387046", 
        "price": "120959000", 
        "type": "buy", 
        "amount": "0.00244108"
    }, 
    {
        "date": "1579356131", 
        "tid": "14387045", 
        "price": "120924000", 
        "type": "sell", 
        "amount": "0.00757067"
    }, 
    {
        "date": "1579356120", 
        "tid": "14387044", 
        "price": "120924000", 
        "type": "sell", 
        "amount": "0.00355818"
    }, 
    {
        "date": "1579356096", 
        "tid": "14387043", 
        "price": "120945000", 
        "type": "buy", 
        "amount": "0.00055341"
    }, 
    {
        "date": "1579356076", 
        "tid": "14387042", 
        "price": "120945000", 
        "type": "buy", 
        "amount": "0.00497841"
    }, 
    {
        "date": "1579356076", 
        "tid": "14387041", 
        "price": "120928000", 
        "type": "buy", 
        "amount": "0.00244108"
    }, 
    {
        "date": "1579356040", 
        "tid": "14387040", 
        "price": "120924000", 
        "type": "sell", 
        "amount": "0.02031790"
    }, 
    {
        "date": "1579356025", 
        "tid": "14387039", 
        "price": "120924000", 
        "type": "buy", 
        "amount": "0.03885992"
    }, 
    {
        "date": "1579356004", 
        "tid": "14387038", 
        "price": "120923000", 
        "type": "buy", 
        "amount": "0.71940607"
    }, 
    {
        "date": "1579355990", 
        "tid": "14387037", 
        "price": "120923000", 
        "type": "buy", 
        "amount": "0.00074425"
    }, 
    {
        "date": "1579355970", 
        "tid": "14387036", 
        "price": "120911000", 
        "type": "sell", 
        "amount": "0.01609000"
    }, 
    {
        "date": "1579355957", 
        "tid": "14387035", 
        "price": "120927000", 
        "type": "buy", 
        "amount": "0.00030996"
    }, 
    {
        "date": "1579355957", 
        "tid": "14387034", 
        "price": "120914000", 
        "type": "buy", 
        "amount": "0.00017643"
    }, 
    {
        "date": "1579355923", 
        "tid": "14387033", 
        "price": "120914000", 
        "type": "buy", 
        "amount": "0.00041228"
    }, 
    {
        "date": "1579355923", 
        "tid": "14387032", 
        "price": "120914000", 
        "type": "buy", 
        "amount": "0.00057586"
    }, 
    {
        "date": "1579355897", 
        "tid": "14387031", 
        "price": "120914000", 
        "type": "buy", 
        "amount": "0.00062355"
    }, 
    {
        "date": "1579355879", 
        "tid": "14387030", 
        "price": "120911000", 
        "type": "buy", 
        "amount": "0.60000000"
    }, 
    {
        "date": "1579355879", 
        "tid": "14387029", 
        "price": "120910000", 
        "type": "buy", 
        "amount": "0.00645737"
    }, 
    {
        "date": "1579355879", 
        "tid": "14387028", 
        "price": "120909000", 
        "type": "buy", 
        "amount": "0.00350766"
    }, 
    {
        "date": "1579355879", 
        "tid": "14387027", 
        "price": "120908000", 
        "type": "buy", 
        "amount": "0.00285000"
    }, 
    {
        "date": "1579355879", 
        "tid": "14387026", 
        "price": "120907000", 
        "type": "buy", 
        "amount": "0.00219233"
    }, 
    {
        "date": "1579355879", 
        "tid": "14387025", 
        "price": "120906000", 
        "type": "buy", 
        "amount": "0.41819435"
    }, 
    {
        "date": "1579355879", 
        "tid": "14387024", 
        "price": "120905000", 
        "type": "buy", 
        "amount": "0.01867395"
    }, 
    {
        "date": "1579355879", 
        "tid": "14387023", 
        "price": "120900000", 
        "type": "buy", 
        "amount": "0.09940943"
    }, 
    {
        "date": "1579355879", 
        "tid": "14387022", 
        "price": "120897000", 
        "type": "buy", 
        "amount": "0.00244108"
    }, 
    {
        "date": "1579355879", 
        "tid": "14387021", 
        "price": "120896000", 
        "type": "buy", 
        "amount": "0.04499173"
    }, 
    {
        "date": "1579355810", 
        "tid": "14387020", 
        "price": "120895000", 
        "type": "sell", 
        "amount": "0.00057941"
    }, 
    {
        "date": "1579355774", 
        "tid": "14387019", 
        "price": "120895000", 
        "type": "sell", 
        "amount": "0.00181757"
    }, 
    {
        "date": "1579355765", 
        "tid": "14387018", 
        "price": "120895000", 
        "type": "sell", 
        "amount": "0.00757249"
    }, 
    {
        "date": "1579355740", 
        "tid": "14387017", 
        "price": "120895000", 
        "type": "sell", 
        "amount": "0.00249765"
    }, 
    {
        "date": "1579355719", 
        "tid": "14387016", 
        "price": "120895000", 
        "type": "sell", 
        "amount": "0.01356226"
    }, 
    {
        "date": "1579355664", 
        "tid": "14387015", 
        "price": "120895000", 
        "type": "buy", 
        "amount": "0.00087702"
    }, 
    {
        "date": "1579355664", 
        "tid": "14387014", 
        "price": "120892000", 
        "type": "buy", 
        "amount": "0.00045857"
    }, 
    {
        "date": "1579355663", 
        "tid": "14387013", 
        "price": "120892000", 
        "type": "buy", 
        "amount": "0.00079843"
    }, 
    {
        "date": "1579355612", 
        "tid": "14387012", 
        "price": "120896000", 
        "type": "buy", 
        "amount": "0.00862398"
    }, 
    {
        "date": "1579355612", 
        "tid": "14387011", 
        "price": "120892000", 
        "type": "buy", 
        "amount": "0.00153482"
    }, 
    {
        "date": "1579355612", 
        "tid": "14387010", 
        "price": "120891000", 
        "type": "buy", 
        "amount": "0.00087705"
    }, 
    {
        "date": "1579355612", 
        "tid": "14387009", 
        "price": "120880000", 
        "type": "buy", 
        "amount": "0.00421581"
    }, 
    {
        "date": "1579355612", 
        "tid": "14387008", 
        "price": "120867000", 
        "type": "buy", 
        "amount": "0.01520844"
    }, 
    {
        "date": "1579355612", 
        "tid": "14387007", 
        "price": "120860000", 
        "type": "buy", 
        "amount": "0.00207382"
    }, 
    {
        "date": "1579355612", 
        "tid": "14387006", 
        "price": "120852000", 
        "type": "buy", 
        "amount": "0.02516208"
    }, 
    {
        "date": "1579355612", 
        "tid": "14387005", 
        "price": "120851000", 
        "type": "buy", 
        "amount": "0.09254183"
    }, 
    {
        "date": "1579355579", 
        "tid": "14387004", 
        "price": "120851000", 
        "type": "buy", 
        "amount": "0.00041249"
    }, 
    {
        "date": "1579355569", 
        "tid": "14387003", 
        "price": "120851000", 
        "type": "buy", 
        "amount": "0.00049499"
    }, 
    {
        "date": "1579355442", 
        "tid": "14387002", 
        "price": "120851000", 
        "type": "buy", 
        "amount": "0.00042074"
    }, 
    {
        "date": "1579355433", 
        "tid": "14387001", 
        "price": "120850000", 
        "type": "sell", 
        "amount": "0.04153814"
    }, 
    {
        "date": "1579355356", 
        "tid": "14387000", 
        "price": "120851000", 
        "type": "buy", 
        "amount": "0.00042074"
    }, 
    {
        "date": "1579355235", 
        "tid": "14386999", 
        "price": "120851000", 
        "type": "buy", 
        "amount": "0.00042074"
    }, 
    {
        "date": "1579355216", 
        "tid": "14386998", 
        "price": "120851000", 
        "type": "buy", 
        "amount": "0.00053440"
    }, 
    {
        "date": "1579355183", 
        "tid": "14386997", 
        "price": "120851000", 
        "type": "sell", 
        "amount": "0.00042200"
    }, 
    {
        "date": "1579355073", 
        "tid": "14386996", 
        "price": "120850000", 
        "type": "sell", 
        "amount": "0.01515062"
    }, 
    {
        "date": "1579355057", 
        "tid": "14386995", 
        "price": "120850000", 
        "type": "sell", 
        "amount": "0.01472862"
    }, 
    {
        "date": "1579355057", 
        "tid": "14386994", 
        "price": "120851000", 
        "type": "sell", 
        "amount": "0.00042200"
    }, 
    {
        "date": "1579355025", 
        "tid": "14386993", 
        "price": "120850000", 
        "type": "sell", 
        "amount": "0.01515062"
    }, 
    {
        "date": "1579355017", 
        "tid": "14386992", 
        "price": "120850000", 
        "type": "sell", 
        "amount": "0.01515062"
    }
]