[
    {
        "date": "1579349884", 
        "tid": "14386653", 
        "price": "120349000", 
        "type": "sell", 
        "amount": "0.01579883"
    }, 
    {
        "date": "1579349870", 
        "tid": "14386652", 
        "price": "120349000", 
        "type": "sell", 
        "amount": "0.00158052"
    }, 
    {
        "date": "1579349841", 
        "tid": "14386651", 
        "price": "120300000", 
        "type": "buy", 
        "amount": "0.30522984"
    }, 
    {
        "date": "1579349836", 
        "tid": "14386650", 
        "price": "120300000", 
        "type": "buy", 
        "amount": "0.00246144"
    }, 
    {
        "date": "1579349833", 
        "tid": "14386649", 
        "price": "120299000", 
        "type": "sell", 
        "amount": "0.01505276"
    }, 
    {
        "date": "1579349819", 
        "tid": "14386648", 
        "price": "120300000", 
        "type": "buy", 
        "amount": "0.02418900"
    }, 
    {
        "date": "1579349815", 
        "tid": "14386647", 
        "price": "120299000", 
        "type": "sell", 
        "amount": "0.00293501"
    }, 
    {
        "date": "1579349793", 
        "tid": "14386646", 
        "price": "120299000", 
        "type": "sell", 
        "amount": "0.00491221"
    }, 
    {
        "date": "1579349777", 
        "tid": "14386645", 
        "price": "120299000", 
        "type": "sell", 
        "amount": "0.00223282"
    }, 
    {
        "date": "1579349773", 
        "tid": "14386644", 
        "price": "120300000", 
        "type": "buy", 
        "amount": "0.00287583"
    }, 
    {
        "date": "1579349769", 
        "tid": "14386643", 
        "price": "120299000", 
        "type": "sell", 
        "amount": "0.00163740"
    }, 
    {
        "date": "1579349725", 
        "tid": "14386642", 
        "price": "120299000", 
        "type": "sell", 
        "amount": "0.00090723"
    }, 
    {
        "date": "1579349720", 
        "tid": "14386641", 
        "price": "120300000", 
        "type": "buy", 
        "amount": "0.00136791"
    }, 
    {
        "date": "1579349632", 
        "tid": "14386640", 
        "price": "120299000", 
        "type": "sell", 
        "amount": "0.05814840"
    }, 
    {
        "date": "1579349631", 
        "tid": "14386639", 
        "price": "120299000", 
        "type": "sell", 
        "amount": "0.01540000"
    }, 
    {
        "date": "1579349522", 
        "tid": "14386638", 
        "price": "120299000", 
        "type": "sell", 
        "amount": "0.03599386"
    }, 
    {
        "date": "1579349465", 
        "tid": "14386637", 
        "price": "120299000", 
        "type": "sell", 
        "amount": "0.05000000"
    }, 
    {
        "date": "1579349414", 
        "tid": "14386636", 
        "price": "120299000", 
        "type": "sell", 
        "amount": "0.00850000"
    }, 
    {
        "date": "1579349405", 
        "tid": "14386635", 
        "price": "120300000", 
        "type": "buy", 
        "amount": "0.00377919"
    }, 
    {
        "date": "1579349400", 
        "tid": "14386634", 
        "price": "120299000", 
        "type": "sell", 
        "amount": "0.00346714"
    }, 
    {
        "date": "1579349377", 
        "tid": "14386633", 
        "price": "120300000", 
        "type": "buy", 
        "amount": "0.00079561"
    }, 
    {
        "date": "1579349374", 
        "tid": "14386632", 
        "price": "120300000", 
        "type": "buy", 
        "amount": "0.00801536"
    }, 
    {
        "date": "1579349358", 
        "tid": "14386631", 
        "price": "120300000", 
        "type": "buy", 
        "amount": "0.00804300"
    }, 
    {
        "date": "1579349319", 
        "tid": "14386630", 
        "price": "120300000", 
        "type": "buy", 
        "amount": "0.04134939"
    }, 
    {
        "date": "1579349199", 
        "tid": "14386629", 
        "price": "120300000", 
        "type": "buy", 
        "amount": "0.03604316"
    }, 
    {
        "date": "1579349158", 
        "tid": "14386628", 
        "price": "120300000", 
        "type": "buy", 
        "amount": "0.02589074"
    }, 
    {
        "date": "1579349123", 
        "tid": "14386627", 
        "price": "120300000", 
        "type": "buy", 
        "amount": "0.00248630"
    }, 
    {
        "date": "1579349121", 
        "tid": "14386626", 
        "price": "120299000", 
        "type": "sell", 
        "amount": "0.00045422"
    }, 
    {
        "date": "1579349097", 
        "tid": "14386625", 
        "price": "120299000", 
        "type": "sell", 
        "amount": "0.00058000"
    }, 
    {
        "date": "1579349086", 
        "tid": "14386624", 
        "price": "120299000", 
        "type": "sell", 
        "amount": "0.01320757"
    }, 
    {
        "date": "1579349064", 
        "tid": "14386623", 
        "price": "120299000", 
        "type": "sell", 
        "amount": "0.00245506"
    }, 
    {
        "date": "1579348971", 
        "tid": "14386622", 
        "price": "120300000", 
        "type": "buy", 
        "amount": "0.00288900"
    }, 
    {
        "date": "1579348970", 
        "tid": "14386621", 
        "price": "120300000", 
        "type": "buy", 
        "amount": "0.00223768"
    }, 
    {
        "date": "1579348953", 
        "tid": "14386620", 
        "price": "120300000", 
        "type": "buy", 
        "amount": "0.01085687"
    }, 
    {
        "date": "1579348950", 
        "tid": "14386619", 
        "price": "120300000", 
        "type": "buy", 
        "amount": "0.01085687"
    }, 
    {
        "date": "1579348947", 
        "tid": "14386618", 
        "price": "120300000", 
        "type": "buy", 
        "amount": "0.01995184"
    }, 
    {
        "date": "1579348947", 
        "tid": "14386617", 
        "price": "120297000", 
        "type": "buy", 
        "amount": "0.01071289"
    }, 
    {
        "date": "1579348936", 
        "tid": "14386616", 
        "price": "120260000", 
        "type": "sell", 
        "amount": "0.00814000"
    }, 
    {
        "date": "1579348916", 
        "tid": "14386615", 
        "price": "120255000", 
        "type": "sell", 
        "amount": "0.02281328"
    }, 
    {
        "date": "1579348908", 
        "tid": "14386614", 
        "price": "120255000", 
        "type": "sell", 
        "amount": "0.00087286"
    }, 
    {
        "date": "1579348901", 
        "tid": "14386613", 
        "price": "120255000", 
        "type": "sell", 
        "amount": "0.01581118"
    }, 
    {
        "date": "1579348894", 
        "tid": "14386612", 
        "price": "120297000", 
        "type": "buy", 
        "amount": "0.00042268"
    }, 
    {
        "date": "1579348890", 
        "tid": "14386611", 
        "price": "120297000", 
        "type": "buy", 
        "amount": "0.00099455"
    }, 
    {
        "date": "1579348887", 
        "tid": "14386610", 
        "price": "120297000", 
        "type": "buy", 
        "amount": "0.00497274"
    }, 
    {
        "date": "1579348858", 
        "tid": "14386609", 
        "price": "120250000", 
        "type": "sell", 
        "amount": "0.00742581"
    }, 
    {
        "date": "1579348856", 
        "tid": "14386608", 
        "price": "120250000", 
        "type": "sell", 
        "amount": "0.00079100"
    }, 
    {
        "date": "1579348816", 
        "tid": "14386607", 
        "price": "120250000", 
        "type": "sell", 
        "amount": "0.00348258"
    }, 
    {
        "date": "1579348777", 
        "tid": "14386606", 
        "price": "120209000", 
        "type": "sell", 
        "amount": "0.00048260"
    }, 
    {
        "date": "1579348777", 
        "tid": "14386605", 
        "price": "120210000", 
        "type": "sell", 
        "amount": "0.00063920"
    }, 
    {
        "date": "1579348721", 
        "tid": "14386604", 
        "price": "120295000", 
        "type": "buy", 
        "amount": "0.11026078"
    }, 
    {
        "date": "1579348721", 
        "tid": "14386603", 
        "price": "120283000", 
        "type": "buy", 
        "amount": "0.00100000"
    }, 
    {
        "date": "1579348721", 
        "tid": "14386602", 
        "price": "120269000", 
        "type": "buy", 
        "amount": "0.00630000"
    }, 
    {
        "date": "1579348721", 
        "tid": "14386601", 
        "price": "120239000", 
        "type": "buy", 
        "amount": "0.00114686"
    }, 
    {
        "date": "1579348721", 
        "tid": "14386600", 
        "price": "120211000", 
        "type": "buy", 
        "amount": "0.04708794"
    }, 
    {
        "date": "1579348562", 
        "tid": "14386599", 
        "price": "120209000", 
        "type": "sell", 
        "amount": "0.00891723"
    }, 
    {
        "date": "1579348562", 
        "tid": "14386598", 
        "price": "120210000", 
        "type": "sell", 
        "amount": "0.00173272"
    }, 
    {
        "date": "1579348479", 
        "tid": "14386597", 
        "price": "120211000", 
        "type": "buy", 
        "amount": "0.00097095"
    }, 
    {
        "date": "1579348460", 
        "tid": "14386596", 
        "price": "120210000", 
        "type": "sell", 
        "amount": "0.00043386"
    }, 
    {
        "date": "1579348322", 
        "tid": "14386595", 
        "price": "120210000", 
        "type": "sell", 
        "amount": "0.00327803"
    }, 
    {
        "date": "1579348212", 
        "tid": "14386594", 
        "price": "120297000", 
        "type": "buy", 
        "amount": "0.01308659"
    }, 
    {
        "date": "1579348199", 
        "tid": "14386593", 
        "price": "120297000", 
        "type": "buy", 
        "amount": "0.00153915"
    }, 
    {
        "date": "1579348199", 
        "tid": "14386592", 
        "price": "120210000", 
        "type": "buy", 
        "amount": "0.00092303"
    }, 
    {
        "date": "1579348119", 
        "tid": "14386591", 
        "price": "120209000", 
        "type": "sell", 
        "amount": "0.00799486"
    }, 
    {
        "date": "1579348007", 
        "tid": "14386590", 
        "price": "120297000", 
        "type": "buy", 
        "amount": "0.00042268"
    }, 
    {
        "date": "1579347960", 
        "tid": "14386589", 
        "price": "120297000", 
        "type": "buy", 
        "amount": "0.00840186"
    }, 
    {
        "date": "1579347925", 
        "tid": "14386588", 
        "price": "120297000", 
        "type": "buy", 
        "amount": "0.00827276"
    }, 
    {
        "date": "1579347925", 
        "tid": "14386587", 
        "price": "120290000", 
        "type": "buy", 
        "amount": "0.00830352"
    }, 
    {
        "date": "1579347924", 
        "tid": "14386586", 
        "price": "120207000", 
        "type": "sell", 
        "amount": "0.00433705"
    }, 
    {
        "date": "1579347851", 
        "tid": "14386585", 
        "price": "120207000", 
        "type": "sell", 
        "amount": "0.00334431"
    }, 
    {
        "date": "1579347809", 
        "tid": "14386584", 
        "price": "120207000", 
        "type": "sell", 
        "amount": "0.00120121"
    }, 
    {
        "date": "1579347809", 
        "tid": "14386583", 
        "price": "120208000", 
        "type": "sell", 
        "amount": "0.03260877"
    }, 
    {
        "date": "1579347801", 
        "tid": "14386582", 
        "price": "120208000", 
        "type": "sell", 
        "amount": "0.00112826"
    }, 
    {
        "date": "1579347686", 
        "tid": "14386581", 
        "price": "120208000", 
        "type": "sell", 
        "amount": "0.00100000"
    }, 
    {
        "date": "1579347641", 
        "tid": "14386580", 
        "price": "120208000", 
        "type": "sell", 
        "amount": "0.02582123"
    }, 
    {
        "date": "1579347522", 
        "tid": "14386579", 
        "price": "120300000", 
        "type": "buy", 
        "amount": "0.01536063"
    }, 
    {
        "date": "1579347522", 
        "tid": "14386578", 
        "price": "120291000", 
        "type": "buy", 
        "amount": "0.00932421"
    }, 
    {
        "date": "1579347522", 
        "tid": "14386577", 
        "price": "120204000", 
        "type": "buy", 
        "amount": "0.01676771"
    }, 
    {
        "date": "1579347468", 
        "tid": "14386576", 
        "price": "120204000", 
        "type": "buy", 
        "amount": "0.00689596"
    }, 
    {
        "date": "1579347465", 
        "tid": "14386575", 
        "price": "120204000", 
        "type": "buy", 
        "amount": "0.01718408"
    }, 
    {
        "date": "1579347428", 
        "tid": "14386574", 
        "price": "120291000", 
        "type": "buy", 
        "amount": "0.00294976"
    }, 
    {
        "date": "1579347428", 
        "tid": "14386573", 
        "price": "120289000", 
        "type": "buy", 
        "amount": "0.00410438"
    }, 
    {
        "date": "1579347428", 
        "tid": "14386572", 
        "price": "120205000", 
        "type": "buy", 
        "amount": "0.00052452"
    }, 
    {
        "date": "1579347417", 
        "tid": "14386571", 
        "price": "120203000", 
        "type": "buy", 
        "amount": "0.02321572"
    }, 
    {
        "date": "1579347407", 
        "tid": "14386570", 
        "price": "120203000", 
        "type": "buy", 
        "amount": "0.01077633"
    }, 
    {
        "date": "1579347387", 
        "tid": "14386569", 
        "price": "120203000", 
        "type": "buy", 
        "amount": "0.01288815"
    }, 
    {
        "date": "1579347325", 
        "tid": "14386568", 
        "price": "120202000", 
        "type": "sell", 
        "amount": "0.00056116"
    }, 
    {
        "date": "1579347100", 
        "tid": "14386567", 
        "price": "120203000", 
        "type": "buy", 
        "amount": "0.00049766"
    }, 
    {
        "date": "1579346918", 
        "tid": "14386566", 
        "price": "120202000", 
        "type": "sell", 
        "amount": "0.01681253"
    }, 
    {
        "date": "1579346918", 
        "tid": "14386565", 
        "price": "120206000", 
        "type": "sell", 
        "amount": "0.00830352"
    }, 
    {
        "date": "1579346918", 
        "tid": "14386564", 
        "price": "120250000", 
        "type": "sell", 
        "amount": "0.00050471"
    }, 
    {
        "date": "1579346860", 
        "tid": "14386563", 
        "price": "120290000", 
        "type": "sell", 
        "amount": "0.00007933"
    }, 
    {
        "date": "1579346803", 
        "tid": "14386562", 
        "price": "120291000", 
        "type": "buy", 
        "amount": "0.00899281"
    }, 
    {
        "date": "1579346767", 
        "tid": "14386561", 
        "price": "120290000", 
        "type": "sell", 
        "amount": "0.00200000"
    }, 
    {
        "date": "1579346750", 
        "tid": "14386560", 
        "price": "120291000", 
        "type": "buy", 
        "amount": "0.00049242"
    }, 
    {
        "date": "1579346641", 
        "tid": "14386559", 
        "price": "120300000", 
        "type": "sell", 
        "amount": "0.14596273"
    }, 
    {
        "date": "1579346627", 
        "tid": "14386558", 
        "price": "120301000", 
        "type": "buy", 
        "amount": "0.00736331"
    }, 
    {
        "date": "1579346540", 
        "tid": "14386557", 
        "price": "120305000", 
        "type": "sell", 
        "amount": "0.21565439"
    }, 
    {
        "date": "1579346538", 
        "tid": "14386556", 
        "price": "120301000", 
        "type": "buy", 
        "amount": "0.78202563"
    }, 
    {
        "date": "1579346491", 
        "tid": "14386555", 
        "price": "120300000", 
        "type": "sell", 
        "amount": "0.01183838"
    }, 
    {
        "date": "1579346360", 
        "tid": "14386554", 
        "price": "120300000", 
        "type": "sell", 
        "amount": "0.18195084"
    }, 
    {
        "date": "1579346356", 
        "tid": "14386553", 
        "price": "120300000", 
        "type": "sell", 
        "amount": "0.00830342"
    }, 
    {
        "date": "1579346348", 
        "tid": "14386552", 
        "price": "120300000", 
        "type": "sell", 
        "amount": "0.02461003"
    }, 
    {
        "date": "1579346342", 
        "tid": "14386551", 
        "price": "120300000", 
        "type": "sell", 
        "amount": "0.29200000"
    }, 
    {
        "date": "1579346339", 
        "tid": "14386550", 
        "price": "120300000", 
        "type": "sell", 
        "amount": "0.00110560"
    }, 
    {
        "date": "1579346336", 
        "tid": "14386549", 
        "price": "120300000", 
        "type": "sell", 
        "amount": "0.03427360"
    }, 
    {
        "date": "1579346289", 
        "tid": "14386548", 
        "price": "120300000", 
        "type": "sell", 
        "amount": "0.01000000"
    }, 
    {
        "date": "1579346287", 
        "tid": "14386547", 
        "price": "120301000", 
        "type": "buy", 
        "amount": "0.00081676"
    }, 
    {
        "date": "1579346272", 
        "tid": "14386546", 
        "price": "120301000", 
        "type": "buy", 
        "amount": "0.16575240"
    }, 
    {
        "date": "1579346233", 
        "tid": "14386545", 
        "price": "120301000", 
        "type": "buy", 
        "amount": "0.00229438"
    }, 
    {
        "date": "1579346190", 
        "tid": "14386544", 
        "price": "120301000", 
        "type": "buy", 
        "amount": "0.00178987"
    }, 
    {
        "date": "1579346183", 
        "tid": "14386543", 
        "price": "120300000", 
        "type": "sell", 
        "amount": "0.00546839"
    }, 
    {
        "date": "1579345970", 
        "tid": "14386542", 
        "price": "120300000", 
        "type": "sell", 
        "amount": "0.00371660"
    }, 
    {
        "date": "1579345970", 
        "tid": "14386541", 
        "price": "120320000", 
        "type": "sell", 
        "amount": "0.00415558"
    }, 
    {
        "date": "1579345970", 
        "tid": "14386540", 
        "price": "120329000", 
        "type": "sell", 
        "amount": "0.00041552"
    }, 
    {
        "date": "1579345907", 
        "tid": "14386539", 
        "price": "120300000", 
        "type": "sell", 
        "amount": "0.00056411"
    }, 
    {
        "date": "1579345871", 
        "tid": "14386538", 
        "price": "120333000", 
        "type": "buy", 
        "amount": "0.03153687"
    }, 
    {
        "date": "1579345871", 
        "tid": "14386537", 
        "price": "120332000", 
        "type": "buy", 
        "amount": "0.00840158"
    }, 
    {
        "date": "1579345871", 
        "tid": "14386536", 
        "price": "120330000", 
        "type": "buy", 
        "amount": "0.06987000"
    }, 
    {
        "date": "1579345695", 
        "tid": "14386535", 
        "price": "120300000", 
        "type": "sell", 
        "amount": "0.01041187"
    }, 
    {
        "date": "1579345674", 
        "tid": "14386534", 
        "price": "120300000", 
        "type": "sell", 
        "amount": "0.03049091"
    }, 
    {
        "date": "1579345674", 
        "tid": "14386533", 
        "price": "120330000", 
        "type": "sell", 
        "amount": "0.00074469"
    }, 
    {
        "date": "1579345640", 
        "tid": "14386532", 
        "price": "120331000", 
        "type": "sell", 
        "amount": "0.01907686"
    }, 
    {
        "date": "1579345601", 
        "tid": "14386531", 
        "price": "120332000", 
        "type": "buy", 
        "amount": "0.00828548"
    }, 
    {
        "date": "1579345494", 
        "tid": "14386530", 
        "price": "120331000", 
        "type": "sell", 
        "amount": "0.02761200"
    }, 
    {
        "date": "1579345469", 
        "tid": "14386529", 
        "price": "120333000", 
        "type": "buy", 
        "amount": "0.00803158"
    }, 
    {
        "date": "1579345466", 
        "tid": "14386528", 
        "price": "120331000", 
        "type": "sell", 
        "amount": "0.00089590"
    }, 
    {
        "date": "1579345450", 
        "tid": "14386527", 
        "price": "120333000", 
        "type": "buy", 
        "amount": "0.00411129"
    }, 
    {
        "date": "1579345428", 
        "tid": "14386526", 
        "price": "120333000", 
        "type": "buy", 
        "amount": "0.01028409"
    }, 
    {
        "date": "1579345304", 
        "tid": "14386525", 
        "price": "120332000", 
        "type": "sell", 
        "amount": "0.01089042"
    }, 
    {
        "date": "1579345304", 
        "tid": "14386524", 
        "price": "120490000", 
        "type": "sell", 
        "amount": "0.02618717"
    }, 
    {
        "date": "1579345284", 
        "tid": "14386523", 
        "price": "120490000", 
        "type": "sell", 
        "amount": "0.00346776"
    }, 
    {
        "date": "1579345266", 
        "tid": "14386522", 
        "price": "120490000", 
        "type": "sell", 
        "amount": "0.00212292"
    }, 
    {
        "date": "1579345247", 
        "tid": "14386521", 
        "price": "120490000", 
        "type": "sell", 
        "amount": "0.00089922"
    }, 
    {
        "date": "1579345208", 
        "tid": "14386520", 
        "price": "120490000", 
        "type": "sell", 
        "amount": "0.00236000"
    }, 
    {
        "date": "1579345147", 
        "tid": "14386519", 
        "price": "120490000", 
        "type": "sell", 
        "amount": "0.00345579"
    }, 
    {
        "date": "1579345145", 
        "tid": "14386518", 
        "price": "120565000", 
        "type": "buy", 
        "amount": "0.00063099"
    }, 
    {
        "date": "1579345139", 
        "tid": "14386517", 
        "price": "120565000", 
        "type": "buy", 
        "amount": "0.00413474"
    }, 
    {
        "date": "1579345136", 
        "tid": "14386516", 
        "price": "120565000", 
        "type": "buy", 
        "amount": "0.03246118"
    }, 
    {
        "date": "1579345136", 
        "tid": "14386515", 
        "price": "120500000", 
        "type": "buy", 
        "amount": "0.00061704"
    }, 
    {
        "date": "1579345087", 
        "tid": "14386514", 
        "price": "120569000", 
        "type": "buy", 
        "amount": "0.00582380"
    }, 
    {
        "date": "1579345087", 
        "tid": "14386513", 
        "price": "120565000", 
        "type": "buy", 
        "amount": "0.00128751"
    }, 
    {
        "date": "1579345087", 
        "tid": "14386512", 
        "price": "120561000", 
        "type": "buy", 
        "amount": "0.02960068"
    }, 
    {
        "date": "1579345087", 
        "tid": "14386511", 
        "price": "120513000", 
        "type": "buy", 
        "amount": "0.00076830"
    }, 
    {
        "date": "1579345087", 
        "tid": "14386510", 
        "price": "120501000", 
        "type": "buy", 
        "amount": "0.00059123"
    }, 
    {
        "date": "1579345087", 
        "tid": "14386509", 
        "price": "120500000", 
        "type": "buy", 
        "amount": "0.00273984"
    }, 
    {
        "date": "1579345087", 
        "tid": "14386508", 
        "price": "120490000", 
        "type": "buy", 
        "amount": "0.01430000"
    }, 
    {
        "date": "1579345071", 
        "tid": "14386507", 
        "price": "120500000", 
        "type": "buy", 
        "amount": "0.37220260"
    }, 
    {
        "date": "1579345071", 
        "tid": "14386506", 
        "price": "120491000", 
        "type": "buy", 
        "amount": "0.04149721"
    }, 
    {
        "date": "1579344873", 
        "tid": "14386505", 
        "price": "120490000", 
        "type": "sell", 
        "amount": "0.00148916"
    }, 
    {
        "date": "1579344872", 
        "tid": "14386504", 
        "price": "120490000", 
        "type": "sell", 
        "amount": "0.00089111"
    }
]