[
    {
        "date": "1579359247", 
        "tid": "14387252", 
        "price": "120897000", 
        "type": "sell", 
        "amount": "0.01628484"
    }, 
    {
        "date": "1579359247", 
        "tid": "14387251", 
        "price": "120928000", 
        "type": "sell", 
        "amount": "0.00244108"
    }, 
    {
        "date": "1579359221", 
        "tid": "14387250", 
        "price": "120955000", 
        "type": "sell", 
        "amount": "0.02267086"
    }, 
    {
        "date": "1579359217", 
        "tid": "14387249", 
        "price": "120955000", 
        "type": "sell", 
        "amount": "0.00827393"
    }, 
    {
        "date": "1579359187", 
        "tid": "14387248", 
        "price": "120981000", 
        "type": "buy", 
        "amount": "0.49446226"
    }, 
    {
        "date": "1579359186", 
        "tid": "14387247", 
        "price": "120981000", 
        "type": "buy", 
        "amount": "0.00838534"
    }, 
    {
        "date": "1579359186", 
        "tid": "14387246", 
        "price": "120959000", 
        "type": "buy", 
        "amount": "0.00244108"
    }, 
    {
        "date": "1579359154", 
        "tid": "14387245", 
        "price": "120955000", 
        "type": "sell", 
        "amount": "0.00063308"
    }, 
    {
        "date": "1579359137", 
        "tid": "14387244", 
        "price": "120955000", 
        "type": "buy", 
        "amount": "0.04849097"
    }, 
    {
        "date": "1579359137", 
        "tid": "14387243", 
        "price": "120928000", 
        "type": "buy", 
        "amount": "0.00244108"
    }, 
    {
        "date": "1579359137", 
        "tid": "14387242", 
        "price": "120920000", 
        "type": "buy", 
        "amount": "0.00087443"
    }, 
    {
        "date": "1579359137", 
        "tid": "14387241", 
        "price": "120914000", 
        "type": "buy", 
        "amount": "0.00077960"
    }, 
    {
        "date": "1579359089", 
        "tid": "14387240", 
        "price": "120897000", 
        "type": "buy", 
        "amount": "0.00035343"
    }, 
    {
        "date": "1579359089", 
        "tid": "14387239", 
        "price": "120867000", 
        "type": "buy", 
        "amount": "0.00244108"
    }, 
    {
        "date": "1579359089", 
        "tid": "14387238", 
        "price": "120836000", 
        "type": "buy", 
        "amount": "0.00244108"
    }, 
    {
        "date": "1579359034", 
        "tid": "14387237", 
        "price": "120777000", 
        "type": "sell", 
        "amount": "0.00091699"
    }, 
    {
        "date": "1579359034", 
        "tid": "14387236", 
        "price": "120806000", 
        "type": "sell", 
        "amount": "0.00169018"
    }, 
    {
        "date": "1579359019", 
        "tid": "14387235", 
        "price": "120806000", 
        "type": "sell", 
        "amount": "0.00075089"
    }, 
    {
        "date": "1579359019", 
        "tid": "14387234", 
        "price": "120836000", 
        "type": "sell", 
        "amount": "0.00244109"
    }, 
    {
        "date": "1579358993", 
        "tid": "14387233", 
        "price": "120897000", 
        "type": "buy", 
        "amount": "0.00037055"
    }, 
    {
        "date": "1579358993", 
        "tid": "14387232", 
        "price": "120867000", 
        "type": "buy", 
        "amount": "0.00004180"
    }, 
    {
        "date": "1579358986", 
        "tid": "14387231", 
        "price": "120867000", 
        "type": "buy", 
        "amount": "0.00239928"
    }, 
    {
        "date": "1579358986", 
        "tid": "14387230", 
        "price": "120836000", 
        "type": "buy", 
        "amount": "0.00087574"
    }, 
    {
        "date": "1579358958", 
        "tid": "14387229", 
        "price": "120836000", 
        "type": "buy", 
        "amount": "0.00075098"
    }, 
    {
        "date": "1579358893", 
        "tid": "14387228", 
        "price": "120836000", 
        "type": "buy", 
        "amount": "0.00081436"
    }, 
    {
        "date": "1579358858", 
        "tid": "14387227", 
        "price": "120775000", 
        "type": "sell", 
        "amount": "0.00156361"
    }, 
    {
        "date": "1579358858", 
        "tid": "14387226", 
        "price": "120805000", 
        "type": "sell", 
        "amount": "0.00087443"
    }, 
    {
        "date": "1579358858", 
        "tid": "14387225", 
        "price": "120806000", 
        "type": "sell", 
        "amount": "0.00030357"
    }, 
    {
        "date": "1579358857", 
        "tid": "14387224", 
        "price": "120806000", 
        "type": "sell", 
        "amount": "0.00042451"
    }, 
    {
        "date": "1579358839", 
        "tid": "14387223", 
        "price": "120806000", 
        "type": "sell", 
        "amount": "0.00171300"
    }, 
    {
        "date": "1579358839", 
        "tid": "14387222", 
        "price": "120836000", 
        "type": "sell", 
        "amount": "0.00244109"
    }, 
    {
        "date": "1579358826", 
        "tid": "14387221", 
        "price": "120897000", 
        "type": "buy", 
        "amount": "0.00171710"
    }, 
    {
        "date": "1579358826", 
        "tid": "14387220", 
        "price": "120867000", 
        "type": "buy", 
        "amount": "0.00244108"
    }, 
    {
        "date": "1579358826", 
        "tid": "14387219", 
        "price": "120836000", 
        "type": "buy", 
        "amount": "0.00244108"
    }, 
    {
        "date": "1579358793", 
        "tid": "14387218", 
        "price": "120806000", 
        "type": "sell", 
        "amount": "0.08793666"
    }, 
    {
        "date": "1579358793", 
        "tid": "14387217", 
        "price": "120829000", 
        "type": "sell", 
        "amount": "0.00214571"
    }, 
    {
        "date": "1579358793", 
        "tid": "14387216", 
        "price": "120831000", 
        "type": "sell", 
        "amount": "0.04849097"
    }, 
    {
        "date": "1579358793", 
        "tid": "14387215", 
        "price": "120832000", 
        "type": "sell", 
        "amount": "0.00760934"
    }, 
    {
        "date": "1579358793", 
        "tid": "14387214", 
        "price": "120836000", 
        "type": "sell", 
        "amount": "0.00244109"
    }, 
    {
        "date": "1579358793", 
        "tid": "14387213", 
        "price": "120850000", 
        "type": "sell", 
        "amount": "0.00422100"
    }, 
    {
        "date": "1579358793", 
        "tid": "14387212", 
        "price": "120867000", 
        "type": "sell", 
        "amount": "0.00244107"
    }, 
    {
        "date": "1579358793", 
        "tid": "14387211", 
        "price": "120871000", 
        "type": "sell", 
        "amount": "0.00574366"
    }, 
    {
        "date": "1579358793", 
        "tid": "14387210", 
        "price": "120897000", 
        "type": "sell", 
        "amount": "0.00355083"
    }, 
    {
        "date": "1579358793", 
        "tid": "14387209", 
        "price": "120914000", 
        "type": "sell", 
        "amount": "0.00077960"
    }, 
    {
        "date": "1579358793", 
        "tid": "14387208", 
        "price": "120928000", 
        "type": "sell", 
        "amount": "0.00244108"
    }, 
    {
        "date": "1579358793", 
        "tid": "14387207", 
        "price": "120950000", 
        "type": "sell", 
        "amount": "0.01233416"
    }, 
    {
        "date": "1579358793", 
        "tid": "14387206", 
        "price": "120959000", 
        "type": "sell", 
        "amount": "0.00244108"
    }, 
    {
        "date": "1579358793", 
        "tid": "14387205", 
        "price": "120972000", 
        "type": "sell", 
        "amount": "0.04187923"
    }, 
    {
        "date": "1579358793", 
        "tid": "14387204", 
        "price": "120980000", 
        "type": "sell", 
        "amount": "0.10327248"
    }, 
    {
        "date": "1579358734", 
        "tid": "14387203", 
        "price": "120981000", 
        "type": "buy", 
        "amount": "0.41192429"
    }, 
    {
        "date": "1579358721", 
        "tid": "14387202", 
        "price": "120982000", 
        "type": "buy", 
        "amount": "0.00041205"
    }, 
    {
        "date": "1579358708", 
        "tid": "14387201", 
        "price": "120981000", 
        "type": "sell", 
        "amount": "0.00101676"
    }, 
    {
        "date": "1579358690", 
        "tid": "14387200", 
        "price": "121000000", 
        "type": "buy", 
        "amount": "0.00823974"
    }, 
    {
        "date": "1579358689", 
        "tid": "14387199", 
        "price": "121000000", 
        "type": "buy", 
        "amount": "0.00629600"
    }, 
    {
        "date": "1579358606", 
        "tid": "14387198", 
        "price": "121000000", 
        "type": "buy", 
        "amount": "0.00042023"
    }, 
    {
        "date": "1579358587", 
        "tid": "14387197", 
        "price": "120982000", 
        "type": "sell", 
        "amount": "0.01529964"
    }, 
    {
        "date": "1579358575", 
        "tid": "14387196", 
        "price": "121000000", 
        "type": "buy", 
        "amount": "0.00042023"
    }, 
    {
        "date": "1579358568", 
        "tid": "14387195", 
        "price": "120985000", 
        "type": "sell", 
        "amount": "0.01530027"
    }, 
    {
        "date": "1579358567", 
        "tid": "14387194", 
        "price": "120984000", 
        "type": "sell", 
        "amount": "0.00043278"
    }, 
    {
        "date": "1579358566", 
        "tid": "14387193", 
        "price": "121000000", 
        "type": "buy", 
        "amount": "0.00042023"
    }, 
    {
        "date": "1579358553", 
        "tid": "14387192", 
        "price": "120983000", 
        "type": "sell", 
        "amount": "0.00350000"
    }, 
    {
        "date": "1579358539", 
        "tid": "14387191", 
        "price": "121000000", 
        "type": "buy", 
        "amount": "0.00420236"
    }, 
    {
        "date": "1579358534", 
        "tid": "14387190", 
        "price": "120981000", 
        "type": "sell", 
        "amount": "0.00902731"
    }, 
    {
        "date": "1579358522", 
        "tid": "14387189", 
        "price": "120981000", 
        "type": "sell", 
        "amount": "0.01530065"
    }, 
    {
        "date": "1579358513", 
        "tid": "14387188", 
        "price": "121000000", 
        "type": "buy", 
        "amount": "0.33965846"
    }, 
    {
        "date": "1579358513", 
        "tid": "14387187", 
        "price": "120982000", 
        "type": "buy", 
        "amount": "0.03177124"
    }, 
    {
        "date": "1579358513", 
        "tid": "14387186", 
        "price": "120982000", 
        "type": "buy", 
        "amount": "0.00042029"
    }, 
    {
        "date": "1579358508", 
        "tid": "14387185", 
        "price": "120981000", 
        "type": "sell", 
        "amount": "0.01530065"
    }, 
    {
        "date": "1579358503", 
        "tid": "14387184", 
        "price": "120982000", 
        "type": "buy", 
        "amount": "0.00042029"
    }, 
    {
        "date": "1579358500", 
        "tid": "14387183", 
        "price": "121000000", 
        "type": "buy", 
        "amount": "0.45842294"
    }, 
    {
        "date": "1579358500", 
        "tid": "14387182", 
        "price": "120999000", 
        "type": "buy", 
        "amount": "0.09553562"
    }, 
    {
        "date": "1579358500", 
        "tid": "14387181", 
        "price": "120998000", 
        "type": "buy", 
        "amount": "0.02684629"
    }, 
    {
        "date": "1579358500", 
        "tid": "14387180", 
        "price": "120996000", 
        "type": "buy", 
        "amount": "0.01000000"
    }, 
    {
        "date": "1579358500", 
        "tid": "14387179", 
        "price": "120989000", 
        "type": "buy", 
        "amount": "0.01372589"
    }, 
    {
        "date": "1579358500", 
        "tid": "14387178", 
        "price": "120988000", 
        "type": "buy", 
        "amount": "0.01756528"
    }, 
    {
        "date": "1579358500", 
        "tid": "14387177", 
        "price": "120981000", 
        "type": "buy", 
        "amount": "0.00029129"
    }, 
    {
        "date": "1579358492", 
        "tid": "14387176", 
        "price": "120981000", 
        "type": "buy", 
        "amount": "0.00042029"
    }, 
    {
        "date": "1579358374", 
        "tid": "14387175", 
        "price": "120980000", 
        "type": "sell", 
        "amount": "0.00019639"
    }, 
    {
        "date": "1579358371", 
        "tid": "14387174", 
        "price": "120981000", 
        "type": "buy", 
        "amount": "0.00045150"
    }, 
    {
        "date": "1579358353", 
        "tid": "14387173", 
        "price": "120981000", 
        "type": "buy", 
        "amount": "0.00280196"
    }, 
    {
        "date": "1579358352", 
        "tid": "14387172", 
        "price": "120981000", 
        "type": "buy", 
        "amount": "0.00079347"
    }, 
    {
        "date": "1579358351", 
        "tid": "14387171", 
        "price": "120981000", 
        "type": "buy", 
        "amount": "0.00042029"
    }, 
    {
        "date": "1579358346", 
        "tid": "14387170", 
        "price": "120981000", 
        "type": "buy", 
        "amount": "0.00041232"
    }, 
    {
        "date": "1579358342", 
        "tid": "14387169", 
        "price": "120981000", 
        "type": "buy", 
        "amount": "0.00042029"
    }, 
    {
        "date": "1579358333", 
        "tid": "14387168", 
        "price": "120981000", 
        "type": "buy", 
        "amount": "0.00420029"
    }, 
    {
        "date": "1579358332", 
        "tid": "14387167", 
        "price": "120981000", 
        "type": "buy", 
        "amount": "0.00042029"
    }, 
    {
        "date": "1579358315", 
        "tid": "14387166", 
        "price": "120981000", 
        "type": "buy", 
        "amount": "0.00313159"
    }, 
    {
        "date": "1579358314", 
        "tid": "14387165", 
        "price": "120981000", 
        "type": "buy", 
        "amount": "0.00391372"
    }, 
    {
        "date": "1579358301", 
        "tid": "14387164", 
        "price": "120981000", 
        "type": "buy", 
        "amount": "0.00042029"
    }, 
    {
        "date": "1579358295", 
        "tid": "14387163", 
        "price": "120981000", 
        "type": "buy", 
        "amount": "0.00044768"
    }, 
    {
        "date": "1579358292", 
        "tid": "14387162", 
        "price": "120981000", 
        "type": "buy", 
        "amount": "0.00042029"
    }, 
    {
        "date": "1579358289", 
        "tid": "14387161", 
        "price": "120981000", 
        "type": "buy", 
        "amount": "0.00091377"
    }, 
    {
        "date": "1579358284", 
        "tid": "14387160", 
        "price": "120981000", 
        "type": "buy", 
        "amount": "0.00412053"
    }, 
    {
        "date": "1579358263", 
        "tid": "14387159", 
        "price": "120981000", 
        "type": "buy", 
        "amount": "0.00321400"
    }, 
    {
        "date": "1579358263", 
        "tid": "14387158", 
        "price": "120981000", 
        "type": "buy", 
        "amount": "0.00410050"
    }, 
    {
        "date": "1579358195", 
        "tid": "14387157", 
        "price": "120981000", 
        "type": "buy", 
        "amount": "0.00079938"
    }, 
    {
        "date": "1579358161", 
        "tid": "14387156", 
        "price": "120980000", 
        "type": "sell", 
        "amount": "0.00210209"
    }, 
    {
        "date": "1579358140", 
        "tid": "14387155", 
        "price": "120980000", 
        "type": "sell", 
        "amount": "0.00050000"
    }, 
    {
        "date": "1579358095", 
        "tid": "14387154", 
        "price": "120988000", 
        "type": "buy", 
        "amount": "0.20601402"
    }, 
    {
        "date": "1579358054", 
        "tid": "14387153", 
        "price": "120988000", 
        "type": "buy", 
        "amount": "0.00244744"
    }, 
    {
        "date": "1579358014", 
        "tid": "14387152", 
        "price": "120980000", 
        "type": "sell", 
        "amount": "0.03909948"
    }, 
    {
        "date": "1579358014", 
        "tid": "14387151", 
        "price": "120981000", 
        "type": "sell", 
        "amount": "0.00102165"
    }, 
    {
        "date": "1579358014", 
        "tid": "14387150", 
        "price": "120982000", 
        "type": "sell", 
        "amount": "0.02117887"
    }, 
    {
        "date": "1579357907", 
        "tid": "14387149", 
        "price": "120980000", 
        "type": "sell", 
        "amount": "0.00081605"
    }, 
    {
        "date": "1579357863", 
        "tid": "14387148", 
        "price": "120988000", 
        "type": "buy", 
        "amount": "0.05609548"
    }, 
    {
        "date": "1579357787", 
        "tid": "14387147", 
        "price": "120988000", 
        "type": "buy", 
        "amount": "0.16433660"
    }, 
    {
        "date": "1579357787", 
        "tid": "14387146", 
        "price": "120982000", 
        "type": "buy", 
        "amount": "0.00215311"
    }, 
    {
        "date": "1579357787", 
        "tid": "14387145", 
        "price": "120974000", 
        "type": "buy", 
        "amount": "0.00829367"
    }, 
    {
        "date": "1579357746", 
        "tid": "14387144", 
        "price": "120973000", 
        "type": "sell", 
        "amount": "0.02255502"
    }, 
    {
        "date": "1579357742", 
        "tid": "14387143", 
        "price": "120973000", 
        "type": "sell", 
        "amount": "0.00166700"
    }, 
    {
        "date": "1579357711", 
        "tid": "14387142", 
        "price": "120973000", 
        "type": "sell", 
        "amount": "0.00079843"
    }, 
    {
        "date": "1579357684", 
        "tid": "14387141", 
        "price": "120973000", 
        "type": "sell", 
        "amount": "0.00041621"
    }, 
    {
        "date": "1579357676", 
        "tid": "14387140", 
        "price": "120973000", 
        "type": "buy", 
        "amount": "0.06458795"
    }, 
    {
        "date": "1579357626", 
        "tid": "14387139", 
        "price": "120973000", 
        "type": "buy", 
        "amount": "0.00089935"
    }, 
    {
        "date": "1579357578", 
        "tid": "14387138", 
        "price": "120972000", 
        "type": "sell", 
        "amount": "0.00771902"
    }, 
    {
        "date": "1579357559", 
        "tid": "14387137", 
        "price": "120970000", 
        "type": "sell", 
        "amount": "0.01513559"
    }, 
    {
        "date": "1579357547", 
        "tid": "14387136", 
        "price": "120970000", 
        "type": "buy", 
        "amount": "0.01086823"
    }, 
    {
        "date": "1579357545", 
        "tid": "14387135", 
        "price": "120970000", 
        "type": "buy", 
        "amount": "0.00164835"
    }, 
    {
        "date": "1579357544", 
        "tid": "14387134", 
        "price": "120959000", 
        "type": "sell", 
        "amount": "0.01513697"
    }, 
    {
        "date": "1579357515", 
        "tid": "14387133", 
        "price": "120970000", 
        "type": "buy", 
        "amount": "0.00003253"
    }, 
    {
        "date": "1579357515", 
        "tid": "14387132", 
        "price": "120959000", 
        "type": "buy", 
        "amount": "0.00038785"
    }, 
    {
        "date": "1579357470", 
        "tid": "14387131", 
        "price": "120959000", 
        "type": "buy", 
        "amount": "0.00205323"
    }, 
    {
        "date": "1579357470", 
        "tid": "14387130", 
        "price": "120928000", 
        "type": "buy", 
        "amount": "0.00244108"
    }, 
    {
        "date": "1579357470", 
        "tid": "14387129", 
        "price": "120922000", 
        "type": "buy", 
        "amount": "0.00100000"
    }, 
    {
        "date": "1579357470", 
        "tid": "14387128", 
        "price": "120914000", 
        "type": "buy", 
        "amount": "0.00077960"
    }, 
    {
        "date": "1579357470", 
        "tid": "14387127", 
        "price": "120897000", 
        "type": "buy", 
        "amount": "0.00197090"
    }, 
    {
        "date": "1579357462", 
        "tid": "14387126", 
        "price": "120897000", 
        "type": "buy", 
        "amount": "0.00047018"
    }, 
    {
        "date": "1579357462", 
        "tid": "14387125", 
        "price": "120867000", 
        "type": "buy", 
        "amount": "0.00244108"
    }, 
    {
        "date": "1579357440", 
        "tid": "14387124", 
        "price": "120852000", 
        "type": "buy", 
        "amount": "0.23653188"
    }, 
    {
        "date": "1579357431", 
        "tid": "14387123", 
        "price": "120852000", 
        "type": "buy", 
        "amount": "0.00686794"
    }, 
    {
        "date": "1579357418", 
        "tid": "14387122", 
        "price": "120852000", 
        "type": "buy", 
        "amount": "0.01173166"
    }, 
    {
        "date": "1579357418", 
        "tid": "14387121", 
        "price": "120845000", 
        "type": "buy", 
        "amount": "0.00192211"
    }, 
    {
        "date": "1579357381", 
        "tid": "14387120", 
        "price": "120840000", 
        "type": "buy", 
        "amount": "0.06577958"
    }, 
    {
        "date": "1579357349", 
        "tid": "14387119", 
        "price": "120840000", 
        "type": "buy", 
        "amount": "0.01650130"
    }, 
    {
        "date": "1579357322", 
        "tid": "14387118", 
        "price": "120840000", 
        "type": "buy", 
        "amount": "0.00313525"
    }, 
    {
        "date": "1579357322", 
        "tid": "14387117", 
        "price": "120840000", 
        "type": "buy", 
        "amount": "0.00162834"
    }, 
    {
        "date": "1579357320", 
        "tid": "14387116", 
        "price": "120840000", 
        "type": "buy", 
        "amount": "0.00042078"
    }, 
    {
        "date": "1579357319", 
        "tid": "14387115", 
        "price": "120840000", 
        "type": "buy", 
        "amount": "0.00313525"
    }, 
    {
        "date": "1579357298", 
        "tid": "14387114", 
        "price": "120840000", 
        "type": "buy", 
        "amount": "0.00316825"
    }, 
    {
        "date": "1579357289", 
        "tid": "14387113", 
        "price": "120840000", 
        "type": "buy", 
        "amount": "0.00528042"
    }, 
    {
        "date": "1579357288", 
        "tid": "14387112", 
        "price": "120840000", 
        "type": "buy", 
        "amount": "0.01650130"
    }, 
    {
        "date": "1579357287", 
        "tid": "14387111", 
        "price": "120840000", 
        "type": "buy", 
        "amount": "0.09035973"
    }, 
    {
        "date": "1579357284", 
        "tid": "14387110", 
        "price": "120840000", 
        "type": "buy", 
        "amount": "0.00377578"
    }, 
    {
        "date": "1579357283", 
        "tid": "14387109", 
        "price": "120840000", 
        "type": "buy", 
        "amount": "0.00297024"
    }, 
    {
        "date": "1579357278", 
        "tid": "14387108", 
        "price": "120840000", 
        "type": "buy", 
        "amount": "0.01125593"
    }, 
    {
        "date": "1579357274", 
        "tid": "14387107", 
        "price": "120840000", 
        "type": "buy", 
        "amount": "0.00420783"
    }, 
    {
        "date": "1579357271", 
        "tid": "14387106", 
        "price": "120840000", 
        "type": "buy", 
        "amount": "0.00420783"
    }, 
    {
        "date": "1579357253", 
        "tid": "14387105", 
        "price": "120840000", 
        "type": "buy", 
        "amount": "0.01373725"
    }, 
    {
        "date": "1579357244", 
        "tid": "14387104", 
        "price": "120839000", 
        "type": "buy", 
        "amount": "0.00118284"
    }, 
    {
        "date": "1579357225", 
        "tid": "14387103", 
        "price": "120838000", 
        "type": "sell", 
        "amount": "0.01880566"
    }
]