[
    {
        "date": "1579355774", 
        "tid": "14387019", 
        "price": "120895000", 
        "type": "sell", 
        "amount": "0.00181757"
    }, 
    {
        "date": "1579355765", 
        "tid": "14387018", 
        "price": "120895000", 
        "type": "sell", 
        "amount": "0.00757249"
    }, 
    {
        "date": "1579355740", 
        "tid": "14387017", 
        "price": "120895000", 
        "type": "sell", 
        "amount": "0.00249765"
    }, 
    {
        "date": "1579355719", 
        "tid": "14387016", 
        "price": "120895000", 
        "type": "sell", 
        "amount": "0.01356226"
    }, 
    {
        "date": "1579355664", 
        "tid": "14387015", 
        "price": "120895000", 
        "type": "buy", 
        "amount": "0.00087702"
    }, 
    {
        "date": "1579355664", 
        "tid": "14387014", 
        "price": "120892000", 
        "type": "buy", 
        "amount": "0.00045857"
    }, 
    {
        "date": "1579355663", 
        "tid": "14387013", 
        "price": "120892000", 
        "type": "buy", 
        "amount": "0.00079843"
    }, 
    {
        "date": "1579355612", 
        "tid": "14387012", 
        "price": "120896000", 
        "type": "buy", 
        "amount": "0.00862398"
    }, 
    {
        "date": "1579355612", 
        "tid": "14387011", 
        "price": "120892000", 
        "type": "buy", 
        "amount": "0.00153482"
    }, 
    {
        "date": "1579355612", 
        "tid": "14387010", 
        "price": "120891000", 
        "type": "buy", 
        "amount": "0.00087705"
    }, 
    {
        "date": "1579355612", 
        "tid": "14387009", 
        "price": "120880000", 
        "type": "buy", 
        "amount": "0.00421581"
    }, 
    {
        "date": "1579355612", 
        "tid": "14387008", 
        "price": "120867000", 
        "type": "buy", 
        "amount": "0.01520844"
    }, 
    {
        "date": "1579355612", 
        "tid": "14387007", 
        "price": "120860000", 
        "type": "buy", 
        "amount": "0.00207382"
    }, 
    {
        "date": "1579355612", 
        "tid": "14387006", 
        "price": "120852000", 
        "type": "buy", 
        "amount": "0.02516208"
    }, 
    {
        "date": "1579355612", 
        "tid": "14387005", 
        "price": "120851000", 
        "type": "buy", 
        "amount": "0.09254183"
    }, 
    {
        "date": "1579355579", 
        "tid": "14387004", 
        "price": "120851000", 
        "type": "buy", 
        "amount": "0.00041249"
    }, 
    {
        "date": "1579355569", 
        "tid": "14387003", 
        "price": "120851000", 
        "type": "buy", 
        "amount": "0.00049499"
    }, 
    {
        "date": "1579355442", 
        "tid": "14387002", 
        "price": "120851000", 
        "type": "buy", 
        "amount": "0.00042074"
    }, 
    {
        "date": "1579355433", 
        "tid": "14387001", 
        "price": "120850000", 
        "type": "sell", 
        "amount": "0.04153814"
    }, 
    {
        "date": "1579355356", 
        "tid": "14387000", 
        "price": "120851000", 
        "type": "buy", 
        "amount": "0.00042074"
    }, 
    {
        "date": "1579355235", 
        "tid": "14386999", 
        "price": "120851000", 
        "type": "buy", 
        "amount": "0.00042074"
    }, 
    {
        "date": "1579355216", 
        "tid": "14386998", 
        "price": "120851000", 
        "type": "buy", 
        "amount": "0.00053440"
    }, 
    {
        "date": "1579355183", 
        "tid": "14386997", 
        "price": "120851000", 
        "type": "sell", 
        "amount": "0.00042200"
    }, 
    {
        "date": "1579355073", 
        "tid": "14386996", 
        "price": "120850000", 
        "type": "sell", 
        "amount": "0.01515062"
    }, 
    {
        "date": "1579355057", 
        "tid": "14386995", 
        "price": "120850000", 
        "type": "sell", 
        "amount": "0.01472862"
    }, 
    {
        "date": "1579355057", 
        "tid": "14386994", 
        "price": "120851000", 
        "type": "sell", 
        "amount": "0.00042200"
    }, 
    {
        "date": "1579355025", 
        "tid": "14386993", 
        "price": "120850000", 
        "type": "sell", 
        "amount": "0.01515062"
    }, 
    {
        "date": "1579355017", 
        "tid": "14386992", 
        "price": "120850000", 
        "type": "sell", 
        "amount": "0.01515062"
    }, 
    {
        "date": "1579355006", 
        "tid": "14386991", 
        "price": "120850000", 
        "type": "sell", 
        "amount": "0.01294962"
    }, 
    {
        "date": "1579355006", 
        "tid": "14386990", 
        "price": "120866000", 
        "type": "sell", 
        "amount": "0.00220100"
    }, 
    {
        "date": "1579354993", 
        "tid": "14386989", 
        "price": "120866000", 
        "type": "buy", 
        "amount": "0.00094082"
    }, 
    {
        "date": "1579354947", 
        "tid": "14386988", 
        "price": "120850000", 
        "type": "sell", 
        "amount": "0.18541865"
    }, 
    {
        "date": "1579354947", 
        "tid": "14386987", 
        "price": "120851000", 
        "type": "sell", 
        "amount": "0.17554591"
    }, 
    {
        "date": "1579354947", 
        "tid": "14386986", 
        "price": "120852000", 
        "type": "sell", 
        "amount": "0.04137291"
    }, 
    {
        "date": "1579354947", 
        "tid": "14386985", 
        "price": "120853000", 
        "type": "sell", 
        "amount": "0.00295707"
    }, 
    {
        "date": "1579354947", 
        "tid": "14386984", 
        "price": "120854000", 
        "type": "sell", 
        "amount": "0.00665440"
    }, 
    {
        "date": "1579354858", 
        "tid": "14386983", 
        "price": "120851000", 
        "type": "sell", 
        "amount": "0.01092200"
    }, 
    {
        "date": "1579354782", 
        "tid": "14386982", 
        "price": "120850000", 
        "type": "buy", 
        "amount": "0.00941902"
    }, 
    {
        "date": "1579354782", 
        "tid": "14386981", 
        "price": "120849000", 
        "type": "buy", 
        "amount": "0.08000187"
    }, 
    {
        "date": "1579354782", 
        "tid": "14386980", 
        "price": "120843000", 
        "type": "buy", 
        "amount": "0.00112200"
    }, 
    {
        "date": "1579354782", 
        "tid": "14386979", 
        "price": "120836000", 
        "type": "buy", 
        "amount": "0.00542492"
    }, 
    {
        "date": "1579354782", 
        "tid": "14386978", 
        "price": "120835000", 
        "type": "buy", 
        "amount": "0.06720623"
    }, 
    {
        "date": "1579354769", 
        "tid": "14386977", 
        "price": "120835000", 
        "type": "buy", 
        "amount": "0.01485179"
    }, 
    {
        "date": "1579354747", 
        "tid": "14386976", 
        "price": "120835000", 
        "type": "buy", 
        "amount": "0.01410920"
    }, 
    {
        "date": "1579354684", 
        "tid": "14386975", 
        "price": "120835000", 
        "type": "buy", 
        "amount": "0.00064263"
    }, 
    {
        "date": "1579354575", 
        "tid": "14386974", 
        "price": "120835000", 
        "type": "buy", 
        "amount": "0.03408475"
    }, 
    {
        "date": "1579354566", 
        "tid": "14386973", 
        "price": "120835000", 
        "type": "buy", 
        "amount": "0.01649361"
    }, 
    {
        "date": "1579354555", 
        "tid": "14386972", 
        "price": "120835000", 
        "type": "buy", 
        "amount": "0.00884047"
    }, 
    {
        "date": "1579354543", 
        "tid": "14386971", 
        "price": "120786000", 
        "type": "sell", 
        "amount": "0.01154203"
    }, 
    {
        "date": "1579354543", 
        "tid": "14386970", 
        "price": "120789000", 
        "type": "sell", 
        "amount": "0.00854381"
    }, 
    {
        "date": "1579354543", 
        "tid": "14386969", 
        "price": "120791000", 
        "type": "sell", 
        "amount": "0.00549452"
    }, 
    {
        "date": "1579354543", 
        "tid": "14386968", 
        "price": "120792000", 
        "type": "sell", 
        "amount": "0.00422652"
    }, 
    {
        "date": "1579354543", 
        "tid": "14386967", 
        "price": "120793000", 
        "type": "sell", 
        "amount": "0.00295854"
    }, 
    {
        "date": "1579354543", 
        "tid": "14386966", 
        "price": "120794000", 
        "type": "sell", 
        "amount": "0.00169058"
    }, 
    {
        "date": "1579354499", 
        "tid": "14386965", 
        "price": "120794000", 
        "type": "sell", 
        "amount": "0.00041760"
    }, 
    {
        "date": "1579354490", 
        "tid": "14386964", 
        "price": "120835000", 
        "type": "buy", 
        "amount": "0.00042080"
    }, 
    {
        "date": "1579354461", 
        "tid": "14386963", 
        "price": "120835000", 
        "type": "buy", 
        "amount": "0.00042080"
    }, 
    {
        "date": "1579354401", 
        "tid": "14386962", 
        "price": "120835000", 
        "type": "buy", 
        "amount": "0.00057515"
    }, 
    {
        "date": "1579354367", 
        "tid": "14386961", 
        "price": "120834000", 
        "type": "sell", 
        "amount": "1.59864173"
    }, 
    {
        "date": "1579354350", 
        "tid": "14386960", 
        "price": "120834000", 
        "type": "sell", 
        "amount": "0.00041950"
    }, 
    {
        "date": "1579354329", 
        "tid": "14386959", 
        "price": "120835000", 
        "type": "sell", 
        "amount": "0.00057861"
    }, 
    {
        "date": "1579354314", 
        "tid": "14386958", 
        "price": "120836000", 
        "type": "buy", 
        "amount": "0.00055288"
    }, 
    {
        "date": "1579354302", 
        "tid": "14386957", 
        "price": "120836000", 
        "type": "buy", 
        "amount": "0.00412546"
    }, 
    {
        "date": "1579354290", 
        "tid": "14386956", 
        "price": "120836000", 
        "type": "buy", 
        "amount": "0.00043274"
    }, 
    {
        "date": "1579354285", 
        "tid": "14386955", 
        "price": "120834000", 
        "type": "buy", 
        "amount": "0.02040392"
    }, 
    {
        "date": "1579354285", 
        "tid": "14386954", 
        "price": "120786000", 
        "type": "buy", 
        "amount": "0.00000125"
    }, 
    {
        "date": "1579354283", 
        "tid": "14386953", 
        "price": "120786000", 
        "type": "buy", 
        "amount": "0.00041593"
    }, 
    {
        "date": "1579354182", 
        "tid": "14386952", 
        "price": "120830000", 
        "type": "buy", 
        "amount": "0.03386414"
    }, 
    {
        "date": "1579354182", 
        "tid": "14386951", 
        "price": "120829000", 
        "type": "buy", 
        "amount": "0.00077960"
    }, 
    {
        "date": "1579354182", 
        "tid": "14386950", 
        "price": "120820000", 
        "type": "buy", 
        "amount": "0.00418245"
    }, 
    {
        "date": "1579354182", 
        "tid": "14386949", 
        "price": "120806000", 
        "type": "buy", 
        "amount": "0.00244108"
    }, 
    {
        "date": "1579354182", 
        "tid": "14386948", 
        "price": "120801000", 
        "type": "buy", 
        "amount": "0.00074470"
    }, 
    {
        "date": "1579354182", 
        "tid": "14386947", 
        "price": "120800000", 
        "type": "buy", 
        "amount": "0.00648736"
    }, 
    {
        "date": "1579354182", 
        "tid": "14386946", 
        "price": "120799000", 
        "type": "buy", 
        "amount": "0.00418452"
    }, 
    {
        "date": "1579354182", 
        "tid": "14386945", 
        "price": "120775000", 
        "type": "buy", 
        "amount": "0.01746296"
    }, 
    {
        "date": "1579354174", 
        "tid": "14386944", 
        "price": "120775000", 
        "type": "buy", 
        "amount": "0.00058812"
    }, 
    {
        "date": "1579354134", 
        "tid": "14386943", 
        "price": "120774000", 
        "type": "sell", 
        "amount": "0.04140615"
    }, 
    {
        "date": "1579354039", 
        "tid": "14386942", 
        "price": "120755000", 
        "type": "buy", 
        "amount": "0.04529079"
    }, 
    {
        "date": "1579354004", 
        "tid": "14386941", 
        "price": "120750000", 
        "type": "buy", 
        "amount": "0.02368081"
    }, 
    {
        "date": "1579353979", 
        "tid": "14386940", 
        "price": "120750000", 
        "type": "buy", 
        "amount": "0.00181058"
    }, 
    {
        "date": "1579353950", 
        "tid": "14386939", 
        "price": "120745000", 
        "type": "sell", 
        "amount": "0.00523988"
    }, 
    {
        "date": "1579353936", 
        "tid": "14386938", 
        "price": "120744000", 
        "type": "buy", 
        "amount": "0.00315402"
    }, 
    {
        "date": "1579353922", 
        "tid": "14386937", 
        "price": "120744000", 
        "type": "buy", 
        "amount": "0.00178355"
    }, 
    {
        "date": "1579353904", 
        "tid": "14386936", 
        "price": "120744000", 
        "type": "buy", 
        "amount": "0.00108048"
    }, 
    {
        "date": "1579353904", 
        "tid": "14386935", 
        "price": "120714000", 
        "type": "buy", 
        "amount": "0.00293740"
    }, 
    {
        "date": "1579353904", 
        "tid": "14386934", 
        "price": "120711000", 
        "type": "buy", 
        "amount": "0.01703203"
    }, 
    {
        "date": "1579353904", 
        "tid": "14386933", 
        "price": "120702000", 
        "type": "buy", 
        "amount": "0.00171384"
    }, 
    {
        "date": "1579353855", 
        "tid": "14386932", 
        "price": "120695000", 
        "type": "sell", 
        "amount": "0.01800000"
    }, 
    {
        "date": "1579353852", 
        "tid": "14386931", 
        "price": "120695000", 
        "type": "buy", 
        "amount": "0.87190000"
    }, 
    {
        "date": "1579353852", 
        "tid": "14386930", 
        "price": "120683000", 
        "type": "buy", 
        "amount": "0.00244108"
    }, 
    {
        "date": "1579353852", 
        "tid": "14386929", 
        "price": "120668000", 
        "type": "buy", 
        "amount": "0.01570000"
    }, 
    {
        "date": "1579353852", 
        "tid": "14386928", 
        "price": "120659000", 
        "type": "buy", 
        "amount": "0.00077960"
    }, 
    {
        "date": "1579353852", 
        "tid": "14386927", 
        "price": "120653000", 
        "type": "buy", 
        "amount": "0.00244108"
    }, 
    {
        "date": "1579353852", 
        "tid": "14386926", 
        "price": "120647000", 
        "type": "buy", 
        "amount": "0.04144356"
    }, 
    {
        "date": "1579353852", 
        "tid": "14386925", 
        "price": "120645000", 
        "type": "buy", 
        "amount": "0.00305009"
    }, 
    {
        "date": "1579353815", 
        "tid": "14386924", 
        "price": "120645000", 
        "type": "buy", 
        "amount": "0.00694991"
    }, 
    {
        "date": "1579353815", 
        "tid": "14386923", 
        "price": "120622000", 
        "type": "buy", 
        "amount": "0.00244108"
    }, 
    {
        "date": "1579353815", 
        "tid": "14386922", 
        "price": "120610000", 
        "type": "buy", 
        "amount": "0.00047505"
    }, 
    {
        "date": "1579353815", 
        "tid": "14386921", 
        "price": "120605000", 
        "type": "buy", 
        "amount": "0.00207933"
    }, 
    {
        "date": "1579353792", 
        "tid": "14386920", 
        "price": "120600000", 
        "type": "sell", 
        "amount": "0.02007045"
    }, 
    {
        "date": "1579353791", 
        "tid": "14386919", 
        "price": "120600000", 
        "type": "buy", 
        "amount": "0.30492081"
    }, 
    {
        "date": "1579353772", 
        "tid": "14386918", 
        "price": "120600000", 
        "type": "buy", 
        "amount": "0.41163864"
    }, 
    {
        "date": "1579353770", 
        "tid": "14386917", 
        "price": "120600000", 
        "type": "buy", 
        "amount": "0.02007993"
    }, 
    {
        "date": "1579353770", 
        "tid": "14386916", 
        "price": "120600000", 
        "type": "buy", 
        "amount": "0.03011990"
    }, 
    {
        "date": "1579353765", 
        "tid": "14386915", 
        "price": "120600000", 
        "type": "buy", 
        "amount": "0.13202613"
    }, 
    {
        "date": "1579353765", 
        "tid": "14386914", 
        "price": "120599000", 
        "type": "buy", 
        "amount": "0.06877213"
    }, 
    {
        "date": "1579353763", 
        "tid": "14386913", 
        "price": "120599000", 
        "type": "buy", 
        "amount": "0.11043963"
    }, 
    {
        "date": "1579353759", 
        "tid": "14386912", 
        "price": "120599000", 
        "type": "buy", 
        "amount": "0.15059950"
    }, 
    {
        "date": "1579353759", 
        "tid": "14386911", 
        "price": "120599000", 
        "type": "buy", 
        "amount": "0.03011990"
    }, 
    {
        "date": "1579353759", 
        "tid": "14386910", 
        "price": "120599000", 
        "type": "buy", 
        "amount": "0.02007993"
    }, 
    {
        "date": "1579353748", 
        "tid": "14386909", 
        "price": "120599000", 
        "type": "buy", 
        "amount": "0.25099917"
    }, 
    {
        "date": "1579353748", 
        "tid": "14386908", 
        "price": "120599000", 
        "type": "buy", 
        "amount": "0.60239802"
    }, 
    {
        "date": "1579353737", 
        "tid": "14386907", 
        "price": "120599000", 
        "type": "buy", 
        "amount": "0.18071940"
    }, 
    {
        "date": "1579353737", 
        "tid": "14386906", 
        "price": "120599000", 
        "type": "buy", 
        "amount": "0.02007993"
    }, 
    {
        "date": "1579353737", 
        "tid": "14386905", 
        "price": "120599000", 
        "type": "buy", 
        "amount": "0.30119901"
    }, 
    {
        "date": "1579353734", 
        "tid": "14386904", 
        "price": "120599000", 
        "type": "buy", 
        "amount": "0.67267780"
    }, 
    {
        "date": "1579353733", 
        "tid": "14386903", 
        "price": "120599000", 
        "type": "buy", 
        "amount": "0.05019983"
    }, 
    {
        "date": "1579353732", 
        "tid": "14386902", 
        "price": "120599000", 
        "type": "buy", 
        "amount": "0.06023980"
    }, 
    {
        "date": "1579353732", 
        "tid": "14386901", 
        "price": "120599000", 
        "type": "buy", 
        "amount": "0.14055954"
    }, 
    {
        "date": "1579353719", 
        "tid": "14386900", 
        "price": "120598000", 
        "type": "sell", 
        "amount": "0.00950000"
    }, 
    {
        "date": "1579353705", 
        "tid": "14386899", 
        "price": "120599000", 
        "type": "buy", 
        "amount": "0.00289475"
    }, 
    {
        "date": "1579353681", 
        "tid": "14386898", 
        "price": "120599000", 
        "type": "buy", 
        "amount": "0.12986572"
    }, 
    {
        "date": "1579353665", 
        "tid": "14386897", 
        "price": "120598000", 
        "type": "sell", 
        "amount": "0.00884617"
    }, 
    {
        "date": "1579353632", 
        "tid": "14386896", 
        "price": "120562000", 
        "type": "sell", 
        "amount": "0.00305680"
    }, 
    {
        "date": "1579353597", 
        "tid": "14386895", 
        "price": "120599000", 
        "type": "buy", 
        "amount": "1.33434019"
    }, 
    {
        "date": "1579353597", 
        "tid": "14386894", 
        "price": "120598000", 
        "type": "buy", 
        "amount": "0.32077745"
    }, 
    {
        "date": "1579353597", 
        "tid": "14386893", 
        "price": "120597000", 
        "type": "buy", 
        "amount": "0.00095468"
    }, 
    {
        "date": "1579353597", 
        "tid": "14386892", 
        "price": "120591000", 
        "type": "buy", 
        "amount": "0.00244108"
    }, 
    {
        "date": "1579353597", 
        "tid": "14386891", 
        "price": "120561000", 
        "type": "buy", 
        "amount": "0.00201270"
    }, 
    {
        "date": "1579353597", 
        "tid": "14386890", 
        "price": "120531000", 
        "type": "buy", 
        "amount": "0.00049242"
    }, 
    {
        "date": "1579353597", 
        "tid": "14386889", 
        "price": "120530000", 
        "type": "buy", 
        "amount": "0.00244108"
    }, 
    {
        "date": "1579353597", 
        "tid": "14386888", 
        "price": "120515000", 
        "type": "buy", 
        "amount": "0.21040331"
    }, 
    {
        "date": "1579353597", 
        "tid": "14386887", 
        "price": "120510000", 
        "type": "buy", 
        "amount": "0.00088495"
    }, 
    {
        "date": "1579353597", 
        "tid": "14386886", 
        "price": "120506000", 
        "type": "buy", 
        "amount": "0.00882726"
    }, 
    {
        "date": "1579353597", 
        "tid": "14386885", 
        "price": "120505000", 
        "type": "buy", 
        "amount": "0.00417931"
    }, 
    {
        "date": "1579353597", 
        "tid": "14386884", 
        "price": "120504000", 
        "type": "buy", 
        "amount": "0.00351945"
    }, 
    {
        "date": "1579353597", 
        "tid": "14386883", 
        "price": "120503000", 
        "type": "buy", 
        "amount": "0.00496370"
    }, 
    {
        "date": "1579353597", 
        "tid": "14386882", 
        "price": "120502000", 
        "type": "buy", 
        "amount": "0.00219969"
    }, 
    {
        "date": "1579353597", 
        "tid": "14386881", 
        "price": "120501000", 
        "type": "buy", 
        "amount": "0.00153980"
    }, 
    {
        "date": "1579353597", 
        "tid": "14386880", 
        "price": "120500000", 
        "type": "buy", 
        "amount": "0.57851433"
    }, 
    {
        "date": "1579353493", 
        "tid": "14386879", 
        "price": "120499000", 
        "type": "sell", 
        "amount": "0.00563844"
    }, 
    {
        "date": "1579353463", 
        "tid": "14386878", 
        "price": "120499000", 
        "type": "sell", 
        "amount": "0.00200000"
    }, 
    {
        "date": "1579353459", 
        "tid": "14386877", 
        "price": "120500000", 
        "type": "buy", 
        "amount": "0.00049800"
    }, 
    {
        "date": "1579353387", 
        "tid": "14386876", 
        "price": "120500000", 
        "type": "buy", 
        "amount": "0.00827393"
    }, 
    {
        "date": "1579353329", 
        "tid": "14386875", 
        "price": "120499000", 
        "type": "sell", 
        "amount": "0.00936604"
    }, 
    {
        "date": "1579353280", 
        "tid": "14386874", 
        "price": "120499000", 
        "type": "buy", 
        "amount": "0.00187990"
    }, 
    {
        "date": "1579353237", 
        "tid": "14386873", 
        "price": "120500000", 
        "type": "buy", 
        "amount": "0.00191747"
    }, 
    {
        "date": "1579353237", 
        "tid": "14386872", 
        "price": "120499000", 
        "type": "buy", 
        "amount": "0.00087990"
    }, 
    {
        "date": "1579353231", 
        "tid": "14386871", 
        "price": "120490000", 
        "type": "sell", 
        "amount": "0.11012043"
    }, 
    {
        "date": "1579353231", 
        "tid": "14386870", 
        "price": "120495000", 
        "type": "sell", 
        "amount": "0.00428420"
    }
]