[
    {
        "date": "1579365052", 
        "tid": "14387570", 
        "price": "120469000", 
        "type": "sell", 
        "amount": "0.01974658"
    }, 
    {
        "date": "1579365052", 
        "tid": "14387569", 
        "price": "120470000", 
        "type": "sell", 
        "amount": "0.00095561"
    }, 
    {
        "date": "1579365045", 
        "tid": "14387568", 
        "price": "120489000", 
        "type": "sell", 
        "amount": "0.00077959"
    }, 
    {
        "date": "1579365045", 
        "tid": "14387567", 
        "price": "120500000", 
        "type": "sell", 
        "amount": "0.01041465"
    }, 
    {
        "date": "1579365045", 
        "tid": "14387566", 
        "price": "120512000", 
        "type": "sell", 
        "amount": "0.14650000"
    }, 
    {
        "date": "1579365045", 
        "tid": "14387565", 
        "price": "120530000", 
        "type": "sell", 
        "amount": "0.00244108"
    }, 
    {
        "date": "1579365045", 
        "tid": "14387564", 
        "price": "120561000", 
        "type": "sell", 
        "amount": "0.00244107"
    }, 
    {
        "date": "1579365045", 
        "tid": "14387563", 
        "price": "120565000", 
        "type": "sell", 
        "amount": "0.00074470"
    }, 
    {
        "date": "1579365031", 
        "tid": "14387562", 
        "price": "120572000", 
        "type": "buy", 
        "amount": "0.00069379"
    }, 
    {
        "date": "1579365024", 
        "tid": "14387561", 
        "price": "120573000", 
        "type": "buy", 
        "amount": "0.02662399"
    }, 
    {
        "date": "1579365022", 
        "tid": "14387560", 
        "price": "120574000", 
        "type": "buy", 
        "amount": "0.14895314"
    }, 
    {
        "date": "1579365019", 
        "tid": "14387559", 
        "price": "120574000", 
        "type": "sell", 
        "amount": "0.00077959"
    }, 
    {
        "date": "1579365007", 
        "tid": "14387558", 
        "price": "120577000", 
        "type": "sell", 
        "amount": "0.14934306"
    }, 
    {
        "date": "1579364991", 
        "tid": "14387557", 
        "price": "120591000", 
        "type": "sell", 
        "amount": "0.08536601"
    }, 
    {
        "date": "1579364979", 
        "tid": "14387556", 
        "price": "120596000", 
        "type": "buy", 
        "amount": "0.02730138"
    }, 
    {
        "date": "1579364972", 
        "tid": "14387555", 
        "price": "120596000", 
        "type": "buy", 
        "amount": "0.00046237"
    }, 
    {
        "date": "1579364954", 
        "tid": "14387554", 
        "price": "120600000", 
        "type": "sell", 
        "amount": "0.00286898"
    }, 
    {
        "date": "1579364949", 
        "tid": "14387553", 
        "price": "120617000", 
        "type": "sell", 
        "amount": "0.00112200"
    }, 
    {
        "date": "1579364940", 
        "tid": "14387552", 
        "price": "120619000", 
        "type": "sell", 
        "amount": "0.00256591"
    }, 
    {
        "date": "1579364932", 
        "tid": "14387551", 
        "price": "120622000", 
        "type": "sell", 
        "amount": "0.00244108"
    }, 
    {
        "date": "1579364924", 
        "tid": "14387550", 
        "price": "120635000", 
        "type": "sell", 
        "amount": "0.00052336"
    }, 
    {
        "date": "1579364900", 
        "tid": "14387549", 
        "price": "120639000", 
        "type": "sell", 
        "amount": "0.00799275"
    }, 
    {
        "date": "1579364873", 
        "tid": "14387548", 
        "price": "120653000", 
        "type": "sell", 
        "amount": "0.00244107"
    }, 
    {
        "date": "1579364847", 
        "tid": "14387547", 
        "price": "120659000", 
        "type": "sell", 
        "amount": "0.00077960"
    }, 
    {
        "date": "1579364786", 
        "tid": "14387546", 
        "price": "120674000", 
        "type": "sell", 
        "amount": "0.24789999"
    }, 
    {
        "date": "1579364782", 
        "tid": "14387545", 
        "price": "120682000", 
        "type": "buy", 
        "amount": "0.23330203"
    }, 
    {
        "date": "1579364778", 
        "tid": "14387544", 
        "price": "120683000", 
        "type": "sell", 
        "amount": "0.00244108"
    }, 
    {
        "date": "1579364769", 
        "tid": "14387543", 
        "price": "120684000", 
        "type": "buy", 
        "amount": "0.00780516"
    }, 
    {
        "date": "1579364766", 
        "tid": "14387542", 
        "price": "120684000", 
        "type": "buy", 
        "amount": "0.00231317"
    }, 
    {
        "date": "1579364756", 
        "tid": "14387541", 
        "price": "120700000", 
        "type": "sell", 
        "amount": "0.00061108"
    }, 
    {
        "date": "1579364740", 
        "tid": "14387540", 
        "price": "120740000", 
        "type": "buy", 
        "amount": "0.00781363"
    }, 
    {
        "date": "1579364730", 
        "tid": "14387539", 
        "price": "120693000", 
        "type": "sell", 
        "amount": "0.19695892"
    }, 
    {
        "date": "1579364730", 
        "tid": "14387538", 
        "price": "120714000", 
        "type": "sell", 
        "amount": "0.00244108"
    }, 
    {
        "date": "1579364724", 
        "tid": "14387537", 
        "price": "120742000", 
        "type": "buy", 
        "amount": "0.00086702"
    }, 
    {
        "date": "1579364716", 
        "tid": "14387536", 
        "price": "120744000", 
        "type": "buy", 
        "amount": "0.00354087"
    }, 
    {
        "date": "1579364714", 
        "tid": "14387535", 
        "price": "120744000", 
        "type": "sell", 
        "amount": "0.00854137"
    }, 
    {
        "date": "1579364685", 
        "tid": "14387534", 
        "price": "120745000", 
        "type": "buy", 
        "amount": "0.00573961"
    }, 
    {
        "date": "1579364668", 
        "tid": "14387533", 
        "price": "120745000", 
        "type": "buy", 
        "amount": "0.01152325"
    }, 
    {
        "date": "1579364651", 
        "tid": "14387532", 
        "price": "120800000", 
        "type": "buy", 
        "amount": "0.06528526"
    }, 
    {
        "date": "1579364651", 
        "tid": "14387531", 
        "price": "120799000", 
        "type": "buy", 
        "amount": "0.01180228"
    }, 
    {
        "date": "1579364633", 
        "tid": "14387530", 
        "price": "120799000", 
        "type": "buy", 
        "amount": "0.00045757"
    }, 
    {
        "date": "1579364633", 
        "tid": "14387529", 
        "price": "120775000", 
        "type": "buy", 
        "amount": "0.00244108"
    }, 
    {
        "date": "1579364614", 
        "tid": "14387528", 
        "price": "120745000", 
        "type": "buy", 
        "amount": "0.00270355"
    }, 
    {
        "date": "1579364614", 
        "tid": "14387527", 
        "price": "120744000", 
        "type": "buy", 
        "amount": "0.00696957"
    }, 
    {
        "date": "1579364598", 
        "tid": "14387526", 
        "price": "120737000", 
        "type": "sell", 
        "amount": "0.02277054"
    }, 
    {
        "date": "1579364598", 
        "tid": "14387525", 
        "price": "120744000", 
        "type": "sell", 
        "amount": "0.00426421"
    }, 
    {
        "date": "1579364593", 
        "tid": "14387524", 
        "price": "120745000", 
        "type": "buy", 
        "amount": "0.00871897"
    }, 
    {
        "date": "1579364565", 
        "tid": "14387523", 
        "price": "120745000", 
        "type": "buy", 
        "amount": "0.00971205"
    }, 
    {
        "date": "1579364521", 
        "tid": "14387522", 
        "price": "120775000", 
        "type": "sell", 
        "amount": "0.00244108"
    }, 
    {
        "date": "1579364521", 
        "tid": "14387521", 
        "price": "120806000", 
        "type": "sell", 
        "amount": "0.00244107"
    }, 
    {
        "date": "1579364518", 
        "tid": "14387520", 
        "price": "120846000", 
        "type": "buy", 
        "amount": "0.02339332"
    }, 
    {
        "date": "1579364501", 
        "tid": "14387519", 
        "price": "120850000", 
        "type": "buy", 
        "amount": "0.00645013"
    }, 
    {
        "date": "1579364501", 
        "tid": "14387518", 
        "price": "120836000", 
        "type": "buy", 
        "amount": "0.00244108"
    }, 
    {
        "date": "1579364501", 
        "tid": "14387517", 
        "price": "120829000", 
        "type": "buy", 
        "amount": "0.00077960"
    }, 
    {
        "date": "1579364501", 
        "tid": "14387516", 
        "price": "120806000", 
        "type": "buy", 
        "amount": "0.00106970"
    }, 
    {
        "date": "1579364484", 
        "tid": "14387515", 
        "price": "120806000", 
        "type": "buy", 
        "amount": "0.00137138"
    }, 
    {
        "date": "1579364484", 
        "tid": "14387514", 
        "price": "120775000", 
        "type": "buy", 
        "amount": "0.00244108"
    }, 
    {
        "date": "1579364484", 
        "tid": "14387513", 
        "price": "120744000", 
        "type": "buy", 
        "amount": "0.00322068"
    }, 
    {
        "date": "1579364484", 
        "tid": "14387512", 
        "price": "120714000", 
        "type": "buy", 
        "amount": "0.00157781"
    }, 
    {
        "date": "1579364484", 
        "tid": "14387511", 
        "price": "120683000", 
        "type": "buy", 
        "amount": "0.00118535"
    }, 
    {
        "date": "1579364421", 
        "tid": "14387510", 
        "price": "120683000", 
        "type": "buy", 
        "amount": "0.00125573"
    }, 
    {
        "date": "1579364410", 
        "tid": "14387509", 
        "price": "120638000", 
        "type": "sell", 
        "amount": "0.00276729"
    }, 
    {
        "date": "1579364403", 
        "tid": "14387508", 
        "price": "120653000", 
        "type": "sell", 
        "amount": "0.00244107"
    }, 
    {
        "date": "1579364375", 
        "tid": "14387507", 
        "price": "120714000", 
        "type": "buy", 
        "amount": "0.00086327"
    }, 
    {
        "date": "1579364375", 
        "tid": "14387506", 
        "price": "120683000", 
        "type": "buy", 
        "amount": "0.00244108"
    }, 
    {
        "date": "1579364230", 
        "tid": "14387505", 
        "price": "120632000", 
        "type": "sell", 
        "amount": "0.00198143"
    }, 
    {
        "date": "1579364134", 
        "tid": "14387504", 
        "price": "120628000", 
        "type": "sell", 
        "amount": "0.00408545"
    }, 
    {
        "date": "1579364134", 
        "tid": "14387503", 
        "price": "120653000", 
        "type": "sell", 
        "amount": "0.00244107"
    }, 
    {
        "date": "1579364134", 
        "tid": "14387502", 
        "price": "120654000", 
        "type": "sell", 
        "amount": "0.03091682"
    }, 
    {
        "date": "1579364134", 
        "tid": "14387501", 
        "price": "120659000", 
        "type": "sell", 
        "amount": "0.00077960"
    }, 
    {
        "date": "1579364134", 
        "tid": "14387500", 
        "price": "120683000", 
        "type": "sell", 
        "amount": "0.00244108"
    }, 
    {
        "date": "1579364134", 
        "tid": "14387499", 
        "price": "120714000", 
        "type": "sell", 
        "amount": "0.00244108"
    }, 
    {
        "date": "1579364134", 
        "tid": "14387498", 
        "price": "120744000", 
        "type": "sell", 
        "amount": "0.00322068"
    }, 
    {
        "date": "1579364134", 
        "tid": "14387497", 
        "price": "120775000", 
        "type": "sell", 
        "amount": "0.00244108"
    }, 
    {
        "date": "1579364134", 
        "tid": "14387496", 
        "price": "120806000", 
        "type": "sell", 
        "amount": "0.00244107"
    }, 
    {
        "date": "1579364134", 
        "tid": "14387495", 
        "price": "120836000", 
        "type": "sell", 
        "amount": "0.00244109"
    }, 
    {
        "date": "1579364134", 
        "tid": "14387494", 
        "price": "120867000", 
        "type": "sell", 
        "amount": "0.00244107"
    }, 
    {
        "date": "1579364110", 
        "tid": "14387493", 
        "price": "120654000", 
        "type": "sell", 
        "amount": "0.00042531"
    }, 
    {
        "date": "1579364104", 
        "tid": "14387492", 
        "price": "120898000", 
        "type": "buy", 
        "amount": "0.08708075"
    }, 
    {
        "date": "1579364104", 
        "tid": "14387491", 
        "price": "120897000", 
        "type": "buy", 
        "amount": "0.00429512"
    }, 
    {
        "date": "1579364104", 
        "tid": "14387490", 
        "price": "120867000", 
        "type": "buy", 
        "amount": "0.00500700"
    }, 
    {
        "date": "1579364104", 
        "tid": "14387489", 
        "price": "120854000", 
        "type": "buy", 
        "amount": "0.00670049"
    }, 
    {
        "date": "1579364104", 
        "tid": "14387488", 
        "price": "120843000", 
        "type": "buy", 
        "amount": "0.00112200"
    }, 
    {
        "date": "1579364104", 
        "tid": "14387487", 
        "price": "120836000", 
        "type": "buy", 
        "amount": "0.00244108"
    }, 
    {
        "date": "1579364104", 
        "tid": "14387486", 
        "price": "120829000", 
        "type": "buy", 
        "amount": "0.00077960"
    }, 
    {
        "date": "1579364104", 
        "tid": "14387485", 
        "price": "120806000", 
        "type": "buy", 
        "amount": "0.00244108"
    }, 
    {
        "date": "1579364104", 
        "tid": "14387484", 
        "price": "120801000", 
        "type": "buy", 
        "amount": "0.00074470"
    }, 
    {
        "date": "1579364104", 
        "tid": "14387483", 
        "price": "120800000", 
        "type": "buy", 
        "amount": "0.02514914"
    }, 
    {
        "date": "1579364104", 
        "tid": "14387482", 
        "price": "120775000", 
        "type": "buy", 
        "amount": "0.00244108"
    }, 
    {
        "date": "1579364104", 
        "tid": "14387481", 
        "price": "120750000", 
        "type": "buy", 
        "amount": "0.00050472"
    }, 
    {
        "date": "1579364104", 
        "tid": "14387480", 
        "price": "120744000", 
        "type": "buy", 
        "amount": "0.00322068"
    }, 
    {
        "date": "1579364104", 
        "tid": "14387479", 
        "price": "120684000", 
        "type": "buy", 
        "amount": "0.00042460"
    }, 
    {
        "date": "1579364082", 
        "tid": "14387478", 
        "price": "120688000", 
        "type": "sell", 
        "amount": "0.00055880"
    }, 
    {
        "date": "1579364077", 
        "tid": "14387477", 
        "price": "120688000", 
        "type": "sell", 
        "amount": "0.00083484"
    }, 
    {
        "date": "1579364052", 
        "tid": "14387476", 
        "price": "120714000", 
        "type": "buy", 
        "amount": "0.00293740"
    }, 
    {
        "date": "1579364001", 
        "tid": "14387475", 
        "price": "120710000", 
        "type": "buy", 
        "amount": "0.00359076"
    }, 
    {
        "date": "1579364000", 
        "tid": "14387474", 
        "price": "120710000", 
        "type": "buy", 
        "amount": "0.00825953"
    }, 
    {
        "date": "1579363979", 
        "tid": "14387473", 
        "price": "120700000", 
        "type": "buy", 
        "amount": "0.01670153"
    }, 
    {
        "date": "1579363938", 
        "tid": "14387472", 
        "price": "120683000", 
        "type": "buy", 
        "amount": "0.00107779"
    }, 
    {
        "date": "1579363936", 
        "tid": "14387471", 
        "price": "120682000", 
        "type": "sell", 
        "amount": "0.00090353"
    }, 
    {
        "date": "1579363926", 
        "tid": "14387470", 
        "price": "120682000", 
        "type": "sell", 
        "amount": "0.00077793"
    }, 
    {
        "date": "1579363905", 
        "tid": "14387469", 
        "price": "120683000", 
        "type": "buy", 
        "amount": "0.00204056"
    }, 
    {
        "date": "1579363811", 
        "tid": "14387468", 
        "price": "120682000", 
        "type": "sell", 
        "amount": "0.00104671"
    }, 
    {
        "date": "1579363722", 
        "tid": "14387467", 
        "price": "120654000", 
        "type": "buy", 
        "amount": "0.00041495"
    }, 
    {
        "date": "1579363714", 
        "tid": "14387466", 
        "price": "120652000", 
        "type": "sell", 
        "amount": "0.00239633"
    }, 
    {
        "date": "1579363714", 
        "tid": "14387465", 
        "price": "120653000", 
        "type": "sell", 
        "amount": "0.00345901"
    }, 
    {
        "date": "1579363699", 
        "tid": "14387464", 
        "price": "120653000", 
        "type": "sell", 
        "amount": "0.00069246"
    }, 
    {
        "date": "1579363598", 
        "tid": "14387463", 
        "price": "120623000", 
        "type": "sell", 
        "amount": "0.14556475"
    }, 
    {
        "date": "1579363598", 
        "tid": "14387462", 
        "price": "120699000", 
        "type": "sell", 
        "amount": "0.06426682"
    }, 
    {
        "date": "1579363524", 
        "tid": "14387461", 
        "price": "120683000", 
        "type": "buy", 
        "amount": "0.00244108"
    }, 
    {
        "date": "1579363524", 
        "tid": "14387460", 
        "price": "120659000", 
        "type": "buy", 
        "amount": "0.00077960"
    }, 
    {
        "date": "1579363524", 
        "tid": "14387459", 
        "price": "120653000", 
        "type": "buy", 
        "amount": "0.00244108"
    }, 
    {
        "date": "1579363524", 
        "tid": "14387458", 
        "price": "120622000", 
        "type": "buy", 
        "amount": "0.00244108"
    }, 
    {
        "date": "1579363524", 
        "tid": "14387457", 
        "price": "120603000", 
        "type": "buy", 
        "amount": "0.00061309"
    }, 
    {
        "date": "1579363524", 
        "tid": "14387456", 
        "price": "120602000", 
        "type": "buy", 
        "amount": "0.00280788"
    }, 
    {
        "date": "1579363524", 
        "tid": "14387455", 
        "price": "120591000", 
        "type": "buy", 
        "amount": "0.00244108"
    }, 
    {
        "date": "1579363495", 
        "tid": "14387454", 
        "price": "120579000", 
        "type": "buy", 
        "amount": "0.11043971"
    }, 
    {
        "date": "1579363489", 
        "tid": "14387453", 
        "price": "120579000", 
        "type": "buy", 
        "amount": "0.11986972"
    }, 
    {
        "date": "1579363489", 
        "tid": "14387452", 
        "price": "120578000", 
        "type": "buy", 
        "amount": "0.03393477"
    }, 
    {
        "date": "1579363489", 
        "tid": "14387451", 
        "price": "120574000", 
        "type": "buy", 
        "amount": "0.00077960"
    }, 
    {
        "date": "1579363489", 
        "tid": "14387450", 
        "price": "120562000", 
        "type": "buy", 
        "amount": "0.00080699"
    }, 
    {
        "date": "1579363489", 
        "tid": "14387449", 
        "price": "120561000", 
        "type": "buy", 
        "amount": "0.00244108"
    }, 
    {
        "date": "1579363489", 
        "tid": "14387448", 
        "price": "120530000", 
        "type": "buy", 
        "amount": "0.00244108"
    }, 
    {
        "date": "1579363489", 
        "tid": "14387447", 
        "price": "120519000", 
        "type": "buy", 
        "amount": "0.00028866"
    }, 
    {
        "date": "1579363473", 
        "tid": "14387446", 
        "price": "120519000", 
        "type": "buy", 
        "amount": "0.00042190"
    }, 
    {
        "date": "1579363470", 
        "tid": "14387445", 
        "price": "120470000", 
        "type": "buy", 
        "amount": "0.00048030"
    }, 
    {
        "date": "1579363447", 
        "tid": "14387444", 
        "price": "120501000", 
        "type": "buy", 
        "amount": "0.23141581"
    }, 
    {
        "date": "1579363447", 
        "tid": "14387443", 
        "price": "120500000", 
        "type": "buy", 
        "amount": "0.01012567"
    }, 
    {
        "date": "1579363447", 
        "tid": "14387442", 
        "price": "120470000", 
        "type": "buy", 
        "amount": "0.00939671"
    }, 
    {
        "date": "1579363296", 
        "tid": "14387441", 
        "price": "120469000", 
        "type": "sell", 
        "amount": "0.00400000"
    }, 
    {
        "date": "1579363247", 
        "tid": "14387440", 
        "price": "120469000", 
        "type": "sell", 
        "amount": "0.00075498"
    }, 
    {
        "date": "1579363214", 
        "tid": "14387439", 
        "price": "120469000", 
        "type": "buy", 
        "amount": "0.05413108"
    }, 
    {
        "date": "1579363101", 
        "tid": "14387438", 
        "price": "120468000", 
        "type": "sell", 
        "amount": "0.00146608"
    }, 
    {
        "date": "1579363085", 
        "tid": "14387437", 
        "price": "120468000", 
        "type": "sell", 
        "amount": "0.00042613"
    }, 
    {
        "date": "1579363028", 
        "tid": "14387436", 
        "price": "120429000", 
        "type": "buy", 
        "amount": "0.00049002"
    }, 
    {
        "date": "1579362967", 
        "tid": "14387435", 
        "price": "120421000", 
        "type": "sell", 
        "amount": "0.02571744"
    }, 
    {
        "date": "1579362963", 
        "tid": "14387434", 
        "price": "120421000", 
        "type": "sell", 
        "amount": "0.00121323"
    }, 
    {
        "date": "1579362953", 
        "tid": "14387433", 
        "price": "120428000", 
        "type": "buy", 
        "amount": "0.00271807"
    }, 
    {
        "date": "1579362950", 
        "tid": "14387432", 
        "price": "120428000", 
        "type": "sell", 
        "amount": "0.00007094"
    }, 
    {
        "date": "1579362947", 
        "tid": "14387431", 
        "price": "120428000", 
        "type": "sell", 
        "amount": "0.00042538"
    }, 
    {
        "date": "1579362941", 
        "tid": "14387430", 
        "price": "120438000", 
        "type": "sell", 
        "amount": "0.00244109"
    }, 
    {
        "date": "1579362927", 
        "tid": "14387429", 
        "price": "120469000", 
        "type": "sell", 
        "amount": "0.00244108"
    }, 
    {
        "date": "1579362903", 
        "tid": "14387428", 
        "price": "120489000", 
        "type": "sell", 
        "amount": "0.00177959"
    }, 
    {
        "date": "1579362903", 
        "tid": "14387427", 
        "price": "120518000", 
        "type": "sell", 
        "amount": "0.00064572"
    }, 
    {
        "date": "1579362893", 
        "tid": "14387426", 
        "price": "120500000", 
        "type": "sell", 
        "amount": "0.01213468"
    }, 
    {
        "date": "1579362883", 
        "tid": "14387425", 
        "price": "120518000", 
        "type": "sell", 
        "amount": "0.02009908"
    }, 
    {
        "date": "1579362847", 
        "tid": "14387424", 
        "price": "120519000", 
        "type": "buy", 
        "amount": "0.00062045"
    }, 
    {
        "date": "1579362844", 
        "tid": "14387423", 
        "price": "120519000", 
        "type": "buy", 
        "amount": "0.00165452"
    }, 
    {
        "date": "1579362837", 
        "tid": "14387422", 
        "price": "120518000", 
        "type": "sell", 
        "amount": "0.00042497"
    }, 
    {
        "date": "1579362806", 
        "tid": "14387421", 
        "price": "120519000", 
        "type": "buy", 
        "amount": "0.00096425"
    }
]