[
    {
        "date": "1579290522", 
        "tid": "14384253", 
        "price": "119760000", 
        "type": "sell", 
        "amount": "0.18000000"
    }, 
    {
        "date": "1579290519", 
        "tid": "14384252", 
        "price": "119788000", 
        "type": "buy", 
        "amount": "0.00768307"
    }, 
    {
        "date": "1579290515", 
        "tid": "14384251", 
        "price": "119760000", 
        "type": "sell", 
        "amount": "0.07260880"
    }, 
    {
        "date": "1579290515", 
        "tid": "14384250", 
        "price": "119795000", 
        "type": "sell", 
        "amount": "0.00244473"
    }, 
    {
        "date": "1579290515", 
        "tid": "14384249", 
        "price": "119799000", 
        "type": "sell", 
        "amount": "0.00390446"
    }, 
    {
        "date": "1579290515", 
        "tid": "14384248", 
        "price": "119800000", 
        "type": "sell", 
        "amount": "0.06738792"
    }, 
    {
        "date": "1579290515", 
        "tid": "14384247", 
        "price": "119809000", 
        "type": "sell", 
        "amount": "0.01175685"
    }, 
    {
        "date": "1579290515", 
        "tid": "14384246", 
        "price": "119817000", 
        "type": "sell", 
        "amount": "0.08346061"
    }, 
    {
        "date": "1579290515", 
        "tid": "14384245", 
        "price": "119840000", 
        "type": "sell", 
        "amount": "0.00081680"
    }, 
    {
        "date": "1579290515", 
        "tid": "14384244", 
        "price": "119850000", 
        "type": "sell", 
        "amount": "0.00500625"
    }, 
    {
        "date": "1579290515", 
        "tid": "14384243", 
        "price": "119856000", 
        "type": "sell", 
        "amount": "0.01197962"
    }, 
    {
        "date": "1579290515", 
        "tid": "14384242", 
        "price": "119858000", 
        "type": "sell", 
        "amount": "0.00074469"
    }, 
    {
        "date": "1579290515", 
        "tid": "14384241", 
        "price": "119863000", 
        "type": "sell", 
        "amount": "0.00083428"
    }, 
    {
        "date": "1579290515", 
        "tid": "14384240", 
        "price": "119900000", 
        "type": "sell", 
        "amount": "0.00365891"
    }, 
    {
        "date": "1579290515", 
        "tid": "14384239", 
        "price": "119901000", 
        "type": "sell", 
        "amount": "0.00044033"
    }, 
    {
        "date": "1579290515", 
        "tid": "14384238", 
        "price": "119902000", 
        "type": "sell", 
        "amount": "0.01495575"
    }, 
    {
        "date": "1579290514", 
        "tid": "14384237", 
        "price": "119902000", 
        "type": "buy", 
        "amount": "0.00084677"
    }, 
    {
        "date": "1579290511", 
        "tid": "14384236", 
        "price": "119907000", 
        "type": "buy", 
        "amount": "0.06341082"
    }, 
    {
        "date": "1579290506", 
        "tid": "14384235", 
        "price": "119909000", 
        "type": "sell", 
        "amount": "0.00054281"
    }, 
    {
        "date": "1579290504", 
        "tid": "14384234", 
        "price": "119910000", 
        "type": "buy", 
        "amount": "0.00041732"
    }, 
    {
        "date": "1579290500", 
        "tid": "14384233", 
        "price": "119921000", 
        "type": "sell", 
        "amount": "0.00076829"
    }, 
    {
        "date": "1579290497", 
        "tid": "14384232", 
        "price": "119928000", 
        "type": "sell", 
        "amount": "0.00042889"
    }, 
    {
        "date": "1579290492", 
        "tid": "14384231", 
        "price": "119937000", 
        "type": "buy", 
        "amount": "0.00219347"
    }, 
    {
        "date": "1579290491", 
        "tid": "14384230", 
        "price": "119941000", 
        "type": "sell", 
        "amount": "0.00112199"
    }, 
    {
        "date": "1579290489", 
        "tid": "14384229", 
        "price": "119977000", 
        "type": "buy", 
        "amount": "0.10550377"
    }, 
    {
        "date": "1579290488", 
        "tid": "14384228", 
        "price": "119999000", 
        "type": "sell", 
        "amount": "0.00527261"
    }, 
    {
        "date": "1579290488", 
        "tid": "14384227", 
        "price": "119999000", 
        "type": "sell", 
        "amount": "0.01624440"
    }, 
    {
        "date": "1579290488", 
        "tid": "14384226", 
        "price": "120000000", 
        "type": "sell", 
        "amount": "0.00375560"
    }, 
    {
        "date": "1579290479", 
        "tid": "14384225", 
        "price": "120000000", 
        "type": "sell", 
        "amount": "0.02000000"
    }, 
    {
        "date": "1579290466", 
        "tid": "14384224", 
        "price": "120000000", 
        "type": "sell", 
        "amount": "0.00008936"
    }, 
    {
        "date": "1579290466", 
        "tid": "14384223", 
        "price": "120001000", 
        "type": "sell", 
        "amount": "0.05021064"
    }, 
    {
        "date": "1579290463", 
        "tid": "14384222", 
        "price": "120000000", 
        "type": "sell", 
        "amount": "0.06888930"
    }, 
    {
        "date": "1579290462", 
        "tid": "14384221", 
        "price": "120000000", 
        "type": "sell", 
        "amount": "0.36025510"
    }, 
    {
        "date": "1579290462", 
        "tid": "14384220", 
        "price": "120001000", 
        "type": "sell", 
        "amount": "0.00963041"
    }, 
    {
        "date": "1579290462", 
        "tid": "14384219", 
        "price": "120032000", 
        "type": "sell", 
        "amount": "0.00839809"
    }, 
    {
        "date": "1579290462", 
        "tid": "14384218", 
        "price": "120089000", 
        "type": "sell", 
        "amount": "0.16171090"
    }, 
    {
        "date": "1579290462", 
        "tid": "14384217", 
        "price": "120091000", 
        "type": "sell", 
        "amount": "0.00000550"
    }, 
    {
        "date": "1579290450", 
        "tid": "14384216", 
        "price": "120091000", 
        "type": "sell", 
        "amount": "0.02720000"
    }, 
    {
        "date": "1579290435", 
        "tid": "14384215", 
        "price": "120091000", 
        "type": "sell", 
        "amount": "0.07308312"
    }, 
    {
        "date": "1579290435", 
        "tid": "14384214", 
        "price": "120092000", 
        "type": "sell", 
        "amount": "0.00699106"
    }, 
    {
        "date": "1579290435", 
        "tid": "14384213", 
        "price": "120094000", 
        "type": "sell", 
        "amount": "0.00074470"
    }, 
    {
        "date": "1579290435", 
        "tid": "14384212", 
        "price": "120095000", 
        "type": "sell", 
        "amount": "0.00424140"
    }, 
    {
        "date": "1579290435", 
        "tid": "14384211", 
        "price": "120098000", 
        "type": "sell", 
        "amount": "0.00095937"
    }, 
    {
        "date": "1579290435", 
        "tid": "14384210", 
        "price": "120125000", 
        "type": "sell", 
        "amount": "0.01664932"
    }, 
    {
        "date": "1579290435", 
        "tid": "14384209", 
        "price": "120166000", 
        "type": "sell", 
        "amount": "0.00112199"
    }, 
    {
        "date": "1579290435", 
        "tid": "14384208", 
        "price": "120204000", 
        "type": "sell", 
        "amount": "0.00244471"
    }, 
    {
        "date": "1579290435", 
        "tid": "14384207", 
        "price": "120220000", 
        "type": "sell", 
        "amount": "0.00002088"
    }, 
    {
        "date": "1579290435", 
        "tid": "14384206", 
        "price": "120225000", 
        "type": "sell", 
        "amount": "0.01279841"
    }, 
    {
        "date": "1579290435", 
        "tid": "14384205", 
        "price": "120250000", 
        "type": "sell", 
        "amount": "0.00050471"
    }, 
    {
        "date": "1579290435", 
        "tid": "14384204", 
        "price": "120267000", 
        "type": "sell", 
        "amount": "0.00044033"
    }, 
    {
        "date": "1579290427", 
        "tid": "14384203", 
        "price": "120330000", 
        "type": "sell", 
        "amount": "0.00074469"
    }, 
    {
        "date": "1579290415", 
        "tid": "14384202", 
        "price": "120331000", 
        "type": "buy", 
        "amount": "0.04142777"
    }, 
    {
        "date": "1579290303", 
        "tid": "14384201", 
        "price": "120351000", 
        "type": "sell", 
        "amount": "0.00067889"
    }, 
    {
        "date": "1579290303", 
        "tid": "14384200", 
        "price": "120392000", 
        "type": "sell", 
        "amount": "0.00112200"
    }, 
    {
        "date": "1579290303", 
        "tid": "14384199", 
        "price": "120408000", 
        "type": "sell", 
        "amount": "0.00244472"
    }, 
    {
        "date": "1579290303", 
        "tid": "14384198", 
        "price": "120438000", 
        "type": "sell", 
        "amount": "0.00106848"
    }, 
    {
        "date": "1579290146", 
        "tid": "14384197", 
        "price": "120438000", 
        "type": "sell", 
        "amount": "0.00441152"
    }, 
    {
        "date": "1579290146", 
        "tid": "14384196", 
        "price": "120500000", 
        "type": "sell", 
        "amount": "0.00091964"
    }, 
    {
        "date": "1579290146", 
        "tid": "14384195", 
        "price": "120524000", 
        "type": "sell", 
        "amount": "0.00873211"
    }, 
    {
        "date": "1579290074", 
        "tid": "14384194", 
        "price": "120524000", 
        "type": "sell", 
        "amount": "0.00923162"
    }, 
    {
        "date": "1579290046", 
        "tid": "14384193", 
        "price": "120618000", 
        "type": "buy", 
        "amount": "0.00055574"
    }, 
    {
        "date": "1579290044", 
        "tid": "14384192", 
        "price": "120524000", 
        "type": "sell", 
        "amount": "0.02352178"
    }, 
    {
        "date": "1579290044", 
        "tid": "14384191", 
        "price": "120525000", 
        "type": "sell", 
        "amount": "0.00094892"
    }, 
    {
        "date": "1579290044", 
        "tid": "14384190", 
        "price": "120565000", 
        "type": "sell", 
        "amount": "0.00074470"
    }, 
    {
        "date": "1579290044", 
        "tid": "14384189", 
        "price": "120612000", 
        "type": "sell", 
        "amount": "0.00244472"
    }, 
    {
        "date": "1579290044", 
        "tid": "14384188", 
        "price": "120617000", 
        "type": "sell", 
        "amount": "0.00112200"
    }, 
    {
        "date": "1579290018", 
        "tid": "14384187", 
        "price": "120671000", 
        "type": "sell", 
        "amount": "0.00072358"
    }, 
    {
        "date": "1579289994", 
        "tid": "14384186", 
        "price": "120671000", 
        "type": "sell", 
        "amount": "0.00339389"
    }, 
    {
        "date": "1579289912", 
        "tid": "14384185", 
        "price": "120672000", 
        "type": "buy", 
        "amount": "0.00621921"
    }, 
    {
        "date": "1579289907", 
        "tid": "14384184", 
        "price": "120671000", 
        "type": "sell", 
        "amount": "0.00108335"
    }, 
    {
        "date": "1579289878", 
        "tid": "14384183", 
        "price": "120700000", 
        "type": "sell", 
        "amount": "0.00140951"
    }, 
    {
        "date": "1579289878", 
        "tid": "14384182", 
        "price": "120749000", 
        "type": "sell", 
        "amount": "0.00520081"
    }, 
    {
        "date": "1579289878", 
        "tid": "14384181", 
        "price": "120788000", 
        "type": "sell", 
        "amount": "0.02091940"
    }, 
    {
        "date": "1579289846", 
        "tid": "14384180", 
        "price": "120790000", 
        "type": "sell", 
        "amount": "0.04967298"
    }, 
    {
        "date": "1579289832", 
        "tid": "14384179", 
        "price": "120791000", 
        "type": "buy", 
        "amount": "0.00162604"
    }, 
    {
        "date": "1579289807", 
        "tid": "14384178", 
        "price": "120791000", 
        "type": "sell", 
        "amount": "0.02896482"
    }, 
    {
        "date": "1579289700", 
        "tid": "14384177", 
        "price": "120792000", 
        "type": "sell", 
        "amount": "0.00853899"
    }, 
    {
        "date": "1579289641", 
        "tid": "14384176", 
        "price": "120791000", 
        "type": "sell", 
        "amount": "0.00079295"
    }, 
    {
        "date": "1579289573", 
        "tid": "14384175", 
        "price": "120888000", 
        "type": "buy", 
        "amount": "0.00022647"
    }, 
    {
        "date": "1579289573", 
        "tid": "14384174", 
        "price": "120887000", 
        "type": "buy", 
        "amount": "0.00339389"
    }, 
    {
        "date": "1579289573", 
        "tid": "14384173", 
        "price": "120886000", 
        "type": "buy", 
        "amount": "0.00339389"
    }, 
    {
        "date": "1579289573", 
        "tid": "14384172", 
        "price": "120885000", 
        "type": "buy", 
        "amount": "0.00339389"
    }, 
    {
        "date": "1579289573", 
        "tid": "14384171", 
        "price": "120884000", 
        "type": "buy", 
        "amount": "0.00339389"
    }, 
    {
        "date": "1579289573", 
        "tid": "14384170", 
        "price": "120883000", 
        "type": "buy", 
        "amount": "0.04393177"
    }, 
    {
        "date": "1579289465", 
        "tid": "14384169", 
        "price": "120883000", 
        "type": "buy", 
        "amount": "0.00082477"
    }, 
    {
        "date": "1579289457", 
        "tid": "14384168", 
        "price": "120791000", 
        "type": "sell", 
        "amount": "0.00200000"
    }, 
    {
        "date": "1579289344", 
        "tid": "14384167", 
        "price": "120791000", 
        "type": "sell", 
        "amount": "0.00066442"
    }, 
    {
        "date": "1579289227", 
        "tid": "14384166", 
        "price": "120882000", 
        "type": "buy", 
        "amount": "0.00602328"
    }, 
    {
        "date": "1579289082", 
        "tid": "14384165", 
        "price": "120791000", 
        "type": "sell", 
        "amount": "0.01372839"
    }, 
    {
        "date": "1579289071", 
        "tid": "14384164", 
        "price": "120791000", 
        "type": "sell", 
        "amount": "0.00840797"
    }, 
    {
        "date": "1579289031", 
        "tid": "14384163", 
        "price": "120791000", 
        "type": "sell", 
        "amount": "0.01028088"
    }, 
    {
        "date": "1579289015", 
        "tid": "14384162", 
        "price": "120790000", 
        "type": "sell", 
        "amount": "0.02570222"
    }, 
    {
        "date": "1579288998", 
        "tid": "14384161", 
        "price": "120790000", 
        "type": "sell", 
        "amount": "0.08311301"
    }, 
    {
        "date": "1579288826", 
        "tid": "14384160", 
        "price": "120800000", 
        "type": "sell", 
        "amount": "0.00811563"
    }, 
    {
        "date": "1579288826", 
        "tid": "14384159", 
        "price": "120829000", 
        "type": "sell", 
        "amount": "0.00169694"
    }, 
    {
        "date": "1579288826", 
        "tid": "14384158", 
        "price": "120830000", 
        "type": "sell", 
        "amount": "0.00429752"
    }, 
    {
        "date": "1579288826", 
        "tid": "14384157", 
        "price": "120831000", 
        "type": "sell", 
        "amount": "0.00300824"
    }, 
    {
        "date": "1579288826", 
        "tid": "14384156", 
        "price": "120832000", 
        "type": "sell", 
        "amount": "0.00171898"
    }, 
    {
        "date": "1579288826", 
        "tid": "14384155", 
        "price": "120850000", 
        "type": "sell", 
        "amount": "0.00180797"
    }, 
    {
        "date": "1579288801", 
        "tid": "14384154", 
        "price": "120800000", 
        "type": "sell", 
        "amount": "0.00939297"
    }, 
    {
        "date": "1579288763", 
        "tid": "14384153", 
        "price": "120800000", 
        "type": "sell", 
        "amount": "0.10000000"
    }, 
    {
        "date": "1579288746", 
        "tid": "14384152", 
        "price": "120899000", 
        "type": "buy", 
        "amount": "0.00868070"
    }, 
    {
        "date": "1579288746", 
        "tid": "14384151", 
        "price": "120868000", 
        "type": "buy", 
        "amount": "0.00617635"
    }, 
    {
        "date": "1579288701", 
        "tid": "14384150", 
        "price": "120868000", 
        "type": "buy", 
        "amount": "0.00948925"
    }, 
    {
        "date": "1579288701", 
        "tid": "14384149", 
        "price": "120851000", 
        "type": "buy", 
        "amount": "0.04044481"
    }, 
    {
        "date": "1579288701", 
        "tid": "14384148", 
        "price": "120843000", 
        "type": "buy", 
        "amount": "0.00112200"
    }, 
    {
        "date": "1579288701", 
        "tid": "14384147", 
        "price": "120827000", 
        "type": "buy", 
        "amount": "0.00520079"
    }, 
    {
        "date": "1579288701", 
        "tid": "14384146", 
        "price": "120816000", 
        "type": "buy", 
        "amount": "0.00244472"
    }, 
    {
        "date": "1579288701", 
        "tid": "14384145", 
        "price": "120801000", 
        "type": "buy", 
        "amount": "0.00074470"
    }, 
    {
        "date": "1579288647", 
        "tid": "14384144", 
        "price": "120794000", 
        "type": "buy", 
        "amount": "0.03393890"
    }, 
    {
        "date": "1579288641", 
        "tid": "14384143", 
        "price": "120791000", 
        "type": "sell", 
        "amount": "0.00050000"
    }, 
    {
        "date": "1579288618", 
        "tid": "14384142", 
        "price": "120794000", 
        "type": "buy", 
        "amount": "0.00367142"
    }, 
    {
        "date": "1579288618", 
        "tid": "14384141", 
        "price": "120789000", 
        "type": "buy", 
        "amount": "0.01640840"
    }, 
    {
        "date": "1579288577", 
        "tid": "14384140", 
        "price": "120788000", 
        "type": "sell", 
        "amount": "0.04142913"
    }, 
    {
        "date": "1579288546", 
        "tid": "14384139", 
        "price": "120688000", 
        "type": "sell", 
        "amount": "0.01728335"
    }, 
    {
        "date": "1579288517", 
        "tid": "14384138", 
        "price": "120789000", 
        "type": "buy", 
        "amount": "0.00308885"
    }, 
    {
        "date": "1579288517", 
        "tid": "14384137", 
        "price": "120769000", 
        "type": "buy", 
        "amount": "0.02703062"
    }, 
    {
        "date": "1579288504", 
        "tid": "14384136", 
        "price": "120769000", 
        "type": "buy", 
        "amount": "0.03956938"
    }, 
    {
        "date": "1579288504", 
        "tid": "14384135", 
        "price": "120750000", 
        "type": "buy", 
        "amount": "0.00050472"
    }, 
    {
        "date": "1579288504", 
        "tid": "14384134", 
        "price": "120749000", 
        "type": "buy", 
        "amount": "0.00520079"
    }, 
    {
        "date": "1579288504", 
        "tid": "14384133", 
        "price": "120700000", 
        "type": "buy", 
        "amount": "0.00400000"
    }, 
    {
        "date": "1579288504", 
        "tid": "14384132", 
        "price": "120693000", 
        "type": "buy", 
        "amount": "0.01093743"
    }, 
    {
        "date": "1579288487", 
        "tid": "14384131", 
        "price": "120693000", 
        "type": "buy", 
        "amount": "0.03049033"
    }, 
    {
        "date": "1579288487", 
        "tid": "14384130", 
        "price": "120692000", 
        "type": "buy", 
        "amount": "0.02974953"
    }, 
    {
        "date": "1579288477", 
        "tid": "14384129", 
        "price": "120692000", 
        "type": "buy", 
        "amount": "0.05020009"
    }, 
    {
        "date": "1579288469", 
        "tid": "14384128", 
        "price": "120692000", 
        "type": "buy", 
        "amount": "0.08784440"
    }, 
    {
        "date": "1579288469", 
        "tid": "14384127", 
        "price": "120685000", 
        "type": "buy", 
        "amount": "0.00251070"
    }, 
    {
        "date": "1579288380", 
        "tid": "14384126", 
        "price": "120692000", 
        "type": "buy", 
        "amount": "0.07028013"
    }, 
    {
        "date": "1579288372", 
        "tid": "14384125", 
        "price": "120637000", 
        "type": "sell", 
        "amount": "0.13979778"
    }, 
    {
        "date": "1579288372", 
        "tid": "14384124", 
        "price": "120692000", 
        "type": "buy", 
        "amount": "0.09036017"
    }, 
    {
        "date": "1579288365", 
        "tid": "14384123", 
        "price": "120692000", 
        "type": "buy", 
        "amount": "0.02478232"
    }, 
    {
        "date": "1579288364", 
        "tid": "14384122", 
        "price": "120636000", 
        "type": "sell", 
        "amount": "0.05933140"
    }, 
    {
        "date": "1579288364", 
        "tid": "14384121", 
        "price": "120671000", 
        "type": "sell", 
        "amount": "0.00520081"
    }, 
    {
        "date": "1579288317", 
        "tid": "14384120", 
        "price": "120692000", 
        "type": "buy", 
        "amount": "0.00520328"
    }, 
    {
        "date": "1579288316", 
        "tid": "14384119", 
        "price": "120692000", 
        "type": "buy", 
        "amount": "0.00520663"
    }, 
    {
        "date": "1579288315", 
        "tid": "14384118", 
        "price": "120692000", 
        "type": "buy", 
        "amount": "0.00520998"
    }, 
    {
        "date": "1579288315", 
        "tid": "14384117", 
        "price": "120692000", 
        "type": "buy", 
        "amount": "0.00521334"
    }, 
    {
        "date": "1579288314", 
        "tid": "14384116", 
        "price": "120692000", 
        "type": "buy", 
        "amount": "0.00521670"
    }, 
    {
        "date": "1579288313", 
        "tid": "14384115", 
        "price": "120692000", 
        "type": "buy", 
        "amount": "0.00522004"
    }, 
    {
        "date": "1579288313", 
        "tid": "14384114", 
        "price": "120692000", 
        "type": "buy", 
        "amount": "0.00255628"
    }, 
    {
        "date": "1579288313", 
        "tid": "14384113", 
        "price": "120691000", 
        "type": "buy", 
        "amount": "0.00042653"
    }, 
    {
        "date": "1579288313", 
        "tid": "14384112", 
        "price": "120690000", 
        "type": "buy", 
        "amount": "0.00042750"
    }, 
    {
        "date": "1579288299", 
        "tid": "14384111", 
        "price": "120541000", 
        "type": "sell", 
        "amount": "0.00075994"
    }, 
    {
        "date": "1579288174", 
        "tid": "14384110", 
        "price": "120525000", 
        "type": "sell", 
        "amount": "0.00042653"
    }, 
    {
        "date": "1579288137", 
        "tid": "14384109", 
        "price": "120692000", 
        "type": "buy", 
        "amount": "0.02822455"
    }, 
    {
        "date": "1579288137", 
        "tid": "14384108", 
        "price": "120691000", 
        "type": "buy", 
        "amount": "0.01307942"
    }, 
    {
        "date": "1579288116", 
        "tid": "14384107", 
        "price": "120524000", 
        "type": "sell", 
        "amount": "0.00042750"
    }, 
    {
        "date": "1579288018", 
        "tid": "14384106", 
        "price": "120692000", 
        "type": "buy", 
        "amount": "0.00706392"
    }, 
    {
        "date": "1579288018", 
        "tid": "14384105", 
        "price": "120601000", 
        "type": "buy", 
        "amount": "0.00119776"
    }, 
    {
        "date": "1579287941", 
        "tid": "14384104", 
        "price": "120430000", 
        "type": "sell", 
        "amount": "0.01214933"
    }
]