[
    {
        "date": "1579398206", 
        "tid": "14389139", 
        "price": "123412000", 
        "type": "buy", 
        "amount": "0.00258790"
    }, 
    {
        "date": "1579398188", 
        "tid": "14389138", 
        "price": "123412000", 
        "type": "buy", 
        "amount": "0.00276926"
    }, 
    {
        "date": "1579398183", 
        "tid": "14389137", 
        "price": "123411000", 
        "type": "sell", 
        "amount": "0.00056116"
    }, 
    {
        "date": "1579398165", 
        "tid": "14389136", 
        "price": "123412000", 
        "type": "buy", 
        "amount": "0.02656008"
    }, 
    {
        "date": "1579398161", 
        "tid": "14389135", 
        "price": "123412000", 
        "type": "buy", 
        "amount": "0.00964096"
    }, 
    {
        "date": "1579398161", 
        "tid": "14389134", 
        "price": "123412000", 
        "type": "buy", 
        "amount": "0.02875446"
    }, 
    {
        "date": "1579398151", 
        "tid": "14389133", 
        "price": "123412000", 
        "type": "buy", 
        "amount": "0.00063373"
    }, 
    {
        "date": "1579398133", 
        "tid": "14389132", 
        "price": "123456000", 
        "type": "buy", 
        "amount": "0.00227932"
    }, 
    {
        "date": "1579398133", 
        "tid": "14389131", 
        "price": "123451000", 
        "type": "buy", 
        "amount": "0.00041875"
    }, 
    {
        "date": "1579398133", 
        "tid": "14389130", 
        "price": "123433000", 
        "type": "buy", 
        "amount": "0.00069045"
    }, 
    {
        "date": "1579398133", 
        "tid": "14389129", 
        "price": "123412000", 
        "type": "buy", 
        "amount": "0.00667449"
    }, 
    {
        "date": "1579398112", 
        "tid": "14389128", 
        "price": "123412000", 
        "type": "buy", 
        "amount": "0.06880811"
    }, 
    {
        "date": "1579398108", 
        "tid": "14389127", 
        "price": "123412000", 
        "type": "buy", 
        "amount": "0.00546335"
    }, 
    {
        "date": "1579398100", 
        "tid": "14389126", 
        "price": "123412000", 
        "type": "buy", 
        "amount": "0.02242849"
    }, 
    {
        "date": "1579398100", 
        "tid": "14389125", 
        "price": "123412000", 
        "type": "buy", 
        "amount": "0.00095715"
    }, 
    {
        "date": "1579398095", 
        "tid": "14389124", 
        "price": "123412000", 
        "type": "buy", 
        "amount": "0.06883936"
    }, 
    {
        "date": "1579398091", 
        "tid": "14389123", 
        "price": "123412000", 
        "type": "buy", 
        "amount": "0.00080787"
    }, 
    {
        "date": "1579398085", 
        "tid": "14389122", 
        "price": "123412000", 
        "type": "buy", 
        "amount": "0.00628961"
    }, 
    {
        "date": "1579398079", 
        "tid": "14389121", 
        "price": "123412000", 
        "type": "buy", 
        "amount": "0.00376475"
    }, 
    {
        "date": "1579398074", 
        "tid": "14389120", 
        "price": "123412000", 
        "type": "buy", 
        "amount": "0.00398804"
    }, 
    {
        "date": "1579398072", 
        "tid": "14389119", 
        "price": "123412000", 
        "type": "buy", 
        "amount": "0.01035161"
    }, 
    {
        "date": "1579398070", 
        "tid": "14389118", 
        "price": "123412000", 
        "type": "buy", 
        "amount": "0.03489531"
    }, 
    {
        "date": "1579398066", 
        "tid": "14389117", 
        "price": "123411000", 
        "type": "sell", 
        "amount": "0.13662698"
    }, 
    {
        "date": "1579398060", 
        "tid": "14389116", 
        "price": "123433000", 
        "type": "buy", 
        "amount": "0.00697906"
    }, 
    {
        "date": "1579398056", 
        "tid": "14389115", 
        "price": "123433000", 
        "type": "buy", 
        "amount": "0.00062924"
    }, 
    {
        "date": "1579398056", 
        "tid": "14389114", 
        "price": "123422000", 
        "type": "buy", 
        "amount": "0.00100000"
    }, 
    {
        "date": "1579398038", 
        "tid": "14389113", 
        "price": "123409000", 
        "type": "sell", 
        "amount": "0.00314501"
    }, 
    {
        "date": "1579398038", 
        "tid": "14389112", 
        "price": "123410000", 
        "type": "sell", 
        "amount": "0.00015499"
    }, 
    {
        "date": "1579398037", 
        "tid": "14389111", 
        "price": "123410000", 
        "type": "buy", 
        "amount": "0.00063216"
    }, 
    {
        "date": "1579398031", 
        "tid": "14389110", 
        "price": "123410000", 
        "type": "buy", 
        "amount": "0.00108168"
    }, 
    {
        "date": "1579398015", 
        "tid": "14389109", 
        "price": "123408000", 
        "type": "sell", 
        "amount": "0.00373357"
    }, 
    {
        "date": "1579398010", 
        "tid": "14389108", 
        "price": "123407000", 
        "type": "buy", 
        "amount": "0.00133282"
    }, 
    {
        "date": "1579398002", 
        "tid": "14389107", 
        "price": "123407000", 
        "type": "buy", 
        "amount": "0.25423729"
    }, 
    {
        "date": "1579398001", 
        "tid": "14389106", 
        "price": "123407000", 
        "type": "buy", 
        "amount": "0.16166573"
    }, 
    {
        "date": "1579398001", 
        "tid": "14389105", 
        "price": "123406000", 
        "type": "buy", 
        "amount": "0.00017493"
    }, 
    {
        "date": "1579397982", 
        "tid": "14389104", 
        "price": "123406000", 
        "type": "buy", 
        "amount": "0.00041203"
    }, 
    {
        "date": "1579397974", 
        "tid": "14389103", 
        "price": "123406000", 
        "type": "buy", 
        "amount": "0.01894317"
    }, 
    {
        "date": "1579397972", 
        "tid": "14389102", 
        "price": "123406000", 
        "type": "buy", 
        "amount": "0.01615277"
    }, 
    {
        "date": "1579397972", 
        "tid": "14389101", 
        "price": "123405000", 
        "type": "buy", 
        "amount": "0.01172757"
    }, 
    {
        "date": "1579397972", 
        "tid": "14389100", 
        "price": "123400000", 
        "type": "buy", 
        "amount": "0.00065044"
    }, 
    {
        "date": "1579397957", 
        "tid": "14389099", 
        "price": "123399000", 
        "type": "sell", 
        "amount": "0.02669776"
    }, 
    {
        "date": "1579397942", 
        "tid": "14389098", 
        "price": "123311000", 
        "type": "sell", 
        "amount": "0.00688153"
    }, 
    {
        "date": "1579397926", 
        "tid": "14389097", 
        "price": "123400000", 
        "type": "buy", 
        "amount": "0.03489532"
    }, 
    {
        "date": "1579397914", 
        "tid": "14389096", 
        "price": "123311000", 
        "type": "sell", 
        "amount": "0.00041000"
    }, 
    {
        "date": "1579397910", 
        "tid": "14389095", 
        "price": "123400000", 
        "type": "buy", 
        "amount": "0.01794616"
    }, 
    {
        "date": "1579397909", 
        "tid": "14389094", 
        "price": "123400000", 
        "type": "buy", 
        "amount": "0.00434131"
    }, 
    {
        "date": "1579397909", 
        "tid": "14389093", 
        "price": "123395000", 
        "type": "buy", 
        "amount": "0.00112263"
    }, 
    {
        "date": "1579397900", 
        "tid": "14389092", 
        "price": "123311000", 
        "type": "sell", 
        "amount": "0.03008000"
    }, 
    {
        "date": "1579397894", 
        "tid": "14389091", 
        "price": "123395000", 
        "type": "buy", 
        "amount": "0.06281157"
    }, 
    {
        "date": "1579397893", 
        "tid": "14389090", 
        "price": "123395000", 
        "type": "buy", 
        "amount": "0.00641011"
    }, 
    {
        "date": "1579397893", 
        "tid": "14389089", 
        "price": "123382000", 
        "type": "buy", 
        "amount": "0.00077960"
    }, 
    {
        "date": "1579397876", 
        "tid": "14389088", 
        "price": "123395000", 
        "type": "buy", 
        "amount": "0.00718961"
    }, 
    {
        "date": "1579397863", 
        "tid": "14389087", 
        "price": "123271000", 
        "type": "sell", 
        "amount": "0.00757441"
    }, 
    {
        "date": "1579397863", 
        "tid": "14389086", 
        "price": "123297000", 
        "type": "sell", 
        "amount": "0.00008599"
    }, 
    {
        "date": "1579397862", 
        "tid": "14389085", 
        "price": "123400000", 
        "type": "buy", 
        "amount": "0.08403333"
    }, 
    {
        "date": "1579397860", 
        "tid": "14389084", 
        "price": "123400000", 
        "type": "buy", 
        "amount": "0.00718931"
    }, 
    {
        "date": "1579397822", 
        "tid": "14389083", 
        "price": "123400000", 
        "type": "buy", 
        "amount": "0.00163357"
    }, 
    {
        "date": "1579397822", 
        "tid": "14389082", 
        "price": "123399000", 
        "type": "buy", 
        "amount": "0.00079032"
    }, 
    {
        "date": "1579397822", 
        "tid": "14389081", 
        "price": "123395000", 
        "type": "buy", 
        "amount": "0.00476564"
    }, 
    {
        "date": "1579397813", 
        "tid": "14389080", 
        "price": "123297000", 
        "type": "sell", 
        "amount": "0.00069361"
    }, 
    {
        "date": "1579397776", 
        "tid": "14389079", 
        "price": "123398000", 
        "type": "sell", 
        "amount": "0.00092451"
    }, 
    {
        "date": "1579397724", 
        "tid": "14389078", 
        "price": "123398000", 
        "type": "sell", 
        "amount": "0.01329772"
    }, 
    {
        "date": "1579397724", 
        "tid": "14389077", 
        "price": "123399000", 
        "type": "sell", 
        "amount": "0.01440189"
    }, 
    {
        "date": "1579397720", 
        "tid": "14389076", 
        "price": "123399000", 
        "type": "sell", 
        "amount": "0.00113502"
    }, 
    {
        "date": "1579397712", 
        "tid": "14389075", 
        "price": "123400000", 
        "type": "buy", 
        "amount": "0.00234086"
    }, 
    {
        "date": "1579397707", 
        "tid": "14389074", 
        "price": "123399000", 
        "type": "sell", 
        "amount": "0.00041564"
    }, 
    {
        "date": "1579397701", 
        "tid": "14389073", 
        "price": "123400000", 
        "type": "buy", 
        "amount": "0.00080794"
    }, 
    {
        "date": "1579397700", 
        "tid": "14389072", 
        "price": "123399000", 
        "type": "buy", 
        "amount": "0.01554362"
    }, 
    {
        "date": "1579397694", 
        "tid": "14389071", 
        "price": "123298000", 
        "type": "sell", 
        "amount": "0.00119196"
    }, 
    {
        "date": "1579397691", 
        "tid": "14389070", 
        "price": "123399000", 
        "type": "buy", 
        "amount": "0.00041206"
    }, 
    {
        "date": "1579397688", 
        "tid": "14389069", 
        "price": "123298000", 
        "type": "sell", 
        "amount": "0.00070480"
    }, 
    {
        "date": "1579397685", 
        "tid": "14389068", 
        "price": "123298000", 
        "type": "sell", 
        "amount": "0.03378614"
    }, 
    {
        "date": "1579397681", 
        "tid": "14389067", 
        "price": "123399000", 
        "type": "buy", 
        "amount": "0.00041206"
    }, 
    {
        "date": "1579397672", 
        "tid": "14389066", 
        "price": "123399000", 
        "type": "buy", 
        "amount": "0.00041206"
    }, 
    {
        "date": "1579397630", 
        "tid": "14389065", 
        "price": "123399000", 
        "type": "buy", 
        "amount": "0.01211933"
    }, 
    {
        "date": "1579397625", 
        "tid": "14389064", 
        "price": "123399000", 
        "type": "buy", 
        "amount": "0.01165079"
    }, 
    {
        "date": "1579397625", 
        "tid": "14389063", 
        "price": "123398000", 
        "type": "buy", 
        "amount": "0.00079901"
    }, 
    {
        "date": "1579397625", 
        "tid": "14389062", 
        "price": "123394000", 
        "type": "buy", 
        "amount": "0.00074470"
    }, 
    {
        "date": "1579397625", 
        "tid": "14389061", 
        "price": "123382000", 
        "type": "buy", 
        "amount": "0.00077960"
    }, 
    {
        "date": "1579397625", 
        "tid": "14389060", 
        "price": "123367000", 
        "type": "buy", 
        "amount": "0.00246508"
    }, 
    {
        "date": "1579397625", 
        "tid": "14389059", 
        "price": "123351000", 
        "type": "buy", 
        "amount": "0.00256592"
    }, 
    {
        "date": "1579397625", 
        "tid": "14389058", 
        "price": "123350000", 
        "type": "buy", 
        "amount": "0.01022263"
    }, 
    {
        "date": "1579397625", 
        "tid": "14389057", 
        "price": "123332000", 
        "type": "buy", 
        "amount": "0.00725036"
    }, 
    {
        "date": "1579397625", 
        "tid": "14389056", 
        "price": "123329000", 
        "type": "buy", 
        "amount": "0.00089285"
    }, 
    {
        "date": "1579397625", 
        "tid": "14389055", 
        "price": "123300000", 
        "type": "buy", 
        "amount": "0.00706698"
    }, 
    {
        "date": "1579397625", 
        "tid": "14389054", 
        "price": "123297000", 
        "type": "buy", 
        "amount": "0.00077960"
    }, 
    {
        "date": "1579397625", 
        "tid": "14389053", 
        "price": "123294000", 
        "type": "buy", 
        "amount": "0.02467265"
    }, 
    {
        "date": "1579397625", 
        "tid": "14389052", 
        "price": "123293000", 
        "type": "buy", 
        "amount": "0.00071456"
    }, 
    {
        "date": "1579397625", 
        "tid": "14389051", 
        "price": "123290000", 
        "type": "buy", 
        "amount": "0.00043143"
    }, 
    {
        "date": "1579397625", 
        "tid": "14389050", 
        "price": "123286000", 
        "type": "buy", 
        "amount": "0.00084726"
    }, 
    {
        "date": "1579397625", 
        "tid": "14389049", 
        "price": "123258000", 
        "type": "buy", 
        "amount": "0.00406752"
    }, 
    {
        "date": "1579397625", 
        "tid": "14389048", 
        "price": "123250000", 
        "type": "buy", 
        "amount": "0.00527445"
    }, 
    {
        "date": "1579397625", 
        "tid": "14389047", 
        "price": "123242000", 
        "type": "buy", 
        "amount": "0.00076804"
    }, 
    {
        "date": "1579397625", 
        "tid": "14389046", 
        "price": "123222000", 
        "type": "buy", 
        "amount": "0.19487195"
    }, 
    {
        "date": "1579397625", 
        "tid": "14389045", 
        "price": "123212000", 
        "type": "buy", 
        "amount": "0.00077960"
    }, 
    {
        "date": "1579397625", 
        "tid": "14389044", 
        "price": "123200000", 
        "type": "buy", 
        "amount": "0.01000000"
    }, 
    {
        "date": "1579397625", 
        "tid": "14389043", 
        "price": "123192000", 
        "type": "buy", 
        "amount": "0.00044034"
    }, 
    {
        "date": "1579397625", 
        "tid": "14389042", 
        "price": "123186000", 
        "type": "buy", 
        "amount": "0.00054281"
    }, 
    {
        "date": "1579397625", 
        "tid": "14389041", 
        "price": "123178000", 
        "type": "buy", 
        "amount": "0.00096237"
    }, 
    {
        "date": "1579397625", 
        "tid": "14389040", 
        "price": "123177000", 
        "type": "buy", 
        "amount": "0.00115351"
    }, 
    {
        "date": "1579397625", 
        "tid": "14389039", 
        "price": "123163000", 
        "type": "buy", 
        "amount": "0.00246508"
    }, 
    {
        "date": "1579397625", 
        "tid": "14389038", 
        "price": "123158000", 
        "type": "buy", 
        "amount": "0.00074470"
    }, 
    {
        "date": "1579397625", 
        "tid": "14389037", 
        "price": "123144000", 
        "type": "buy", 
        "amount": "0.00042987"
    }, 
    {
        "date": "1579397625", 
        "tid": "14389036", 
        "price": "123127000", 
        "type": "buy", 
        "amount": "0.00077960"
    }, 
    {
        "date": "1579397625", 
        "tid": "14389035", 
        "price": "123125000", 
        "type": "buy", 
        "amount": "0.04500000"
    }, 
    {
        "date": "1579397625", 
        "tid": "14389034", 
        "price": "123123000", 
        "type": "buy", 
        "amount": "0.01814918"
    }, 
    {
        "date": "1579397614", 
        "tid": "14389033", 
        "price": "123123000", 
        "type": "buy", 
        "amount": "0.02429299"
    }, 
    {
        "date": "1579397593", 
        "tid": "14389032", 
        "price": "123123000", 
        "type": "buy", 
        "amount": "0.00061562"
    }, 
    {
        "date": "1579397593", 
        "tid": "14389031", 
        "price": "123106000", 
        "type": "buy", 
        "amount": "0.00832308"
    }, 
    {
        "date": "1579397593", 
        "tid": "14389030", 
        "price": "123102000", 
        "type": "buy", 
        "amount": "0.00256592"
    }, 
    {
        "date": "1579397593", 
        "tid": "14389029", 
        "price": "123085000", 
        "type": "buy", 
        "amount": "0.00109004"
    }, 
    {
        "date": "1579397593", 
        "tid": "14389028", 
        "price": "123072000", 
        "type": "buy", 
        "amount": "0.00315442"
    }, 
    {
        "date": "1579397593", 
        "tid": "14389027", 
        "price": "123052000", 
        "type": "buy", 
        "amount": "0.00107288"
    }, 
    {
        "date": "1579397593", 
        "tid": "14389026", 
        "price": "123045000", 
        "type": "buy", 
        "amount": "0.00147059"
    }, 
    {
        "date": "1579397593", 
        "tid": "14389025", 
        "price": "123043000", 
        "type": "buy", 
        "amount": "0.00047712"
    }, 
    {
        "date": "1579397593", 
        "tid": "14389024", 
        "price": "123042000", 
        "type": "buy", 
        "amount": "0.00077960"
    }, 
    {
        "date": "1579397593", 
        "tid": "14389023", 
        "price": "123018000", 
        "type": "buy", 
        "amount": "0.00200000"
    }, 
    {
        "date": "1579397593", 
        "tid": "14389022", 
        "price": "123013000", 
        "type": "buy", 
        "amount": "0.00053671"
    }, 
    {
        "date": "1579397590", 
        "tid": "14389021", 
        "price": "123012000", 
        "type": "buy", 
        "amount": "0.04186291"
    }, 
    {
        "date": "1579397584", 
        "tid": "14389020", 
        "price": "123012000", 
        "type": "buy", 
        "amount": "0.16630301"
    }, 
    {
        "date": "1579397584", 
        "tid": "14389019", 
        "price": "123010000", 
        "type": "buy", 
        "amount": "0.00819133"
    }, 
    {
        "date": "1579397584", 
        "tid": "14389018", 
        "price": "123003000", 
        "type": "buy", 
        "amount": "0.03053437"
    }, 
    {
        "date": "1579397584", 
        "tid": "14389017", 
        "price": "123001000", 
        "type": "buy", 
        "amount": "0.00050627"
    }, 
    {
        "date": "1579397584", 
        "tid": "14389016", 
        "price": "123000000", 
        "type": "buy", 
        "amount": "0.21847498"
    }, 
    {
        "date": "1579397553", 
        "tid": "14389015", 
        "price": "123000000", 
        "type": "buy", 
        "amount": "0.98394865"
    }, 
    {
        "date": "1579397553", 
        "tid": "14389014", 
        "price": "122999000", 
        "type": "buy", 
        "amount": "0.00364035"
    }, 
    {
        "date": "1579397553", 
        "tid": "14389013", 
        "price": "122990000", 
        "type": "buy", 
        "amount": "0.02354162"
    }, 
    {
        "date": "1579397553", 
        "tid": "14389012", 
        "price": "122976000", 
        "type": "buy", 
        "amount": "0.00415642"
    }, 
    {
        "date": "1579397553", 
        "tid": "14389011", 
        "price": "122974000", 
        "type": "buy", 
        "amount": "0.00609091"
    }, 
    {
        "date": "1579397553", 
        "tid": "14389010", 
        "price": "122972000", 
        "type": "buy", 
        "amount": "0.05062485"
    }, 
    {
        "date": "1579397553", 
        "tid": "14389009", 
        "price": "122971000", 
        "type": "buy", 
        "amount": "0.01000000"
    }, 
    {
        "date": "1579397553", 
        "tid": "14389008", 
        "price": "122967000", 
        "type": "buy", 
        "amount": "0.17782223"
    }, 
    {
        "date": "1579397552", 
        "tid": "14389007", 
        "price": "122967000", 
        "type": "buy", 
        "amount": "0.03839972"
    }, 
    {
        "date": "1579397546", 
        "tid": "14389006", 
        "price": "122967000", 
        "type": "buy", 
        "amount": "0.08030317"
    }, 
    {
        "date": "1579397546", 
        "tid": "14389005", 
        "price": "122965000", 
        "type": "buy", 
        "amount": "0.15061579"
    }, 
    {
        "date": "1579397544", 
        "tid": "14389004", 
        "price": "122965000", 
        "type": "buy", 
        "amount": "0.04490075"
    }, 
    {
        "date": "1579397540", 
        "tid": "14389003", 
        "price": "122965000", 
        "type": "buy", 
        "amount": "0.33132037"
    }, 
    {
        "date": "1579397538", 
        "tid": "14389002", 
        "price": "122964000", 
        "type": "sell", 
        "amount": "0.00736776"
    }, 
    {
        "date": "1579397532", 
        "tid": "14389001", 
        "price": "122965000", 
        "type": "buy", 
        "amount": "0.00957010"
    }, 
    {
        "date": "1579397506", 
        "tid": "14389000", 
        "price": "122964000", 
        "type": "sell", 
        "amount": "0.29206417"
    }, 
    {
        "date": "1579397493", 
        "tid": "14388999", 
        "price": "122965000", 
        "type": "buy", 
        "amount": "0.00872458"
    }, 
    {
        "date": "1579397468", 
        "tid": "14388998", 
        "price": "122890000", 
        "type": "sell", 
        "amount": "0.02353348"
    }, 
    {
        "date": "1579397468", 
        "tid": "14388997", 
        "price": "122965000", 
        "type": "buy", 
        "amount": "0.04080555"
    }, 
    {
        "date": "1579397461", 
        "tid": "14388996", 
        "price": "122890000", 
        "type": "sell", 
        "amount": "0.01590887"
    }, 
    {
        "date": "1579397446", 
        "tid": "14388995", 
        "price": "122965000", 
        "type": "buy", 
        "amount": "0.00081080"
    }, 
    {
        "date": "1579397446", 
        "tid": "14388994", 
        "price": "122965000", 
        "type": "buy", 
        "amount": "0.00041351"
    }, 
    {
        "date": "1579397445", 
        "tid": "14388993", 
        "price": "122890000", 
        "type": "sell", 
        "amount": "0.02800000"
    }, 
    {
        "date": "1579397443", 
        "tid": "14388992", 
        "price": "122965000", 
        "type": "buy", 
        "amount": "0.00055118"
    }, 
    {
        "date": "1579397443", 
        "tid": "14388991", 
        "price": "122964000", 
        "type": "buy", 
        "amount": "0.00864106"
    }, 
    {
        "date": "1579397443", 
        "tid": "14388990", 
        "price": "122958000", 
        "type": "buy", 
        "amount": "0.00100735"
    }
]