[
    {
        "date": "1579308430", 
        "tid": "14384834", 
        "price": "121172000", 
        "type": "sell", 
        "amount": "0.42331117"
    }, 
    {
        "date": "1579308430", 
        "tid": "14384833", 
        "price": "121198000", 
        "type": "sell", 
        "amount": "0.00075347"
    }, 
    {
        "date": "1579308430", 
        "tid": "14384832", 
        "price": "121199000", 
        "type": "sell", 
        "amount": "0.41522764"
    }, 
    {
        "date": "1579308413", 
        "tid": "14384831", 
        "price": "121199000", 
        "type": "sell", 
        "amount": "0.36869099"
    }, 
    {
        "date": "1579308401", 
        "tid": "14384830", 
        "price": "121200000", 
        "type": "buy", 
        "amount": "0.01148369"
    }, 
    {
        "date": "1579308401", 
        "tid": "14384829", 
        "price": "121199000", 
        "type": "sell", 
        "amount": "0.00827805"
    }, 
    {
        "date": "1579308351", 
        "tid": "14384828", 
        "price": "121199000", 
        "type": "sell", 
        "amount": "0.00164500"
    }, 
    {
        "date": "1579308340", 
        "tid": "14384827", 
        "price": "121200000", 
        "type": "buy", 
        "amount": "0.03012005"
    }, 
    {
        "date": "1579308255", 
        "tid": "14384826", 
        "price": "121200000", 
        "type": "buy", 
        "amount": "0.00255010"
    }, 
    {
        "date": "1579308130", 
        "tid": "14384825", 
        "price": "121200000", 
        "type": "buy", 
        "amount": "0.00420735"
    }, 
    {
        "date": "1579308099", 
        "tid": "14384824", 
        "price": "121200000", 
        "type": "buy", 
        "amount": "0.00701226"
    }, 
    {
        "date": "1579308090", 
        "tid": "14384823", 
        "price": "121200000", 
        "type": "buy", 
        "amount": "0.00701226"
    }, 
    {
        "date": "1579308087", 
        "tid": "14384822", 
        "price": "121199000", 
        "type": "sell", 
        "amount": "0.00101616"
    }, 
    {
        "date": "1579308067", 
        "tid": "14384821", 
        "price": "121105000", 
        "type": "buy", 
        "amount": "0.00042308"
    }, 
    {
        "date": "1579308056", 
        "tid": "14384820", 
        "price": "121199000", 
        "type": "sell", 
        "amount": "0.00141027"
    }, 
    {
        "date": "1579308049", 
        "tid": "14384819", 
        "price": "121200000", 
        "type": "sell", 
        "amount": "0.02995873"
    }, 
    {
        "date": "1579308049", 
        "tid": "14384818", 
        "price": "121201000", 
        "type": "sell", 
        "amount": "0.00299136"
    }, 
    {
        "date": "1579308049", 
        "tid": "14384817", 
        "price": "121202000", 
        "type": "sell", 
        "amount": "0.18653057"
    }, 
    {
        "date": "1579308049", 
        "tid": "14384816", 
        "price": "121203000", 
        "type": "sell", 
        "amount": "0.60862354"
    }, 
    {
        "date": "1579308034", 
        "tid": "14384815", 
        "price": "121200000", 
        "type": "sell", 
        "amount": "0.00061805"
    }, 
    {
        "date": "1579308031", 
        "tid": "14384814", 
        "price": "121200000", 
        "type": "buy", 
        "amount": "0.07536060"
    }, 
    {
        "date": "1579307978", 
        "tid": "14384813", 
        "price": "121199000", 
        "type": "sell", 
        "amount": "0.00505065"
    }, 
    {
        "date": "1579307962", 
        "tid": "14384812", 
        "price": "121200000", 
        "type": "buy", 
        "amount": "0.02215393"
    }, 
    {
        "date": "1579307962", 
        "tid": "14384811", 
        "price": "121165000", 
        "type": "buy", 
        "amount": "0.00117790"
    }, 
    {
        "date": "1579307962", 
        "tid": "14384810", 
        "price": "121157000", 
        "type": "buy", 
        "amount": "0.05541681"
    }, 
    {
        "date": "1579307962", 
        "tid": "14384809", 
        "price": "121121000", 
        "type": "buy", 
        "amount": "0.00823453"
    }, 
    {
        "date": "1579307962", 
        "tid": "14384808", 
        "price": "121115000", 
        "type": "buy", 
        "amount": "0.00256592"
    }, 
    {
        "date": "1579307962", 
        "tid": "14384807", 
        "price": "121106000", 
        "type": "buy", 
        "amount": "0.00076830"
    }, 
    {
        "date": "1579307955", 
        "tid": "14384806", 
        "price": "121100000", 
        "type": "buy", 
        "amount": "0.21401380"
    }, 
    {
        "date": "1579307948", 
        "tid": "14384805", 
        "price": "121100000", 
        "type": "buy", 
        "amount": "0.15059950"
    }, 
    {
        "date": "1579307939", 
        "tid": "14384804", 
        "price": "121100000", 
        "type": "buy", 
        "amount": "0.25099917"
    }, 
    {
        "date": "1579307917", 
        "tid": "14384803", 
        "price": "121059000", 
        "type": "sell", 
        "amount": "0.02221505"
    }, 
    {
        "date": "1579307916", 
        "tid": "14384802", 
        "price": "121100000", 
        "type": "buy", 
        "amount": "0.12936583"
    }, 
    {
        "date": "1579307916", 
        "tid": "14384801", 
        "price": "121086000", 
        "type": "buy", 
        "amount": "0.00501985"
    }, 
    {
        "date": "1579307916", 
        "tid": "14384800", 
        "price": "121069000", 
        "type": "buy", 
        "amount": "0.00112200"
    }, 
    {
        "date": "1579307916", 
        "tid": "14384799", 
        "price": "121060000", 
        "type": "buy", 
        "amount": "0.27608761"
    }, 
    {
        "date": "1579307904", 
        "tid": "14384798", 
        "price": "121060000", 
        "type": "buy", 
        "amount": "0.17925243"
    }, 
    {
        "date": "1579307904", 
        "tid": "14384797", 
        "price": "121053000", 
        "type": "buy", 
        "amount": "0.00145689"
    }, 
    {
        "date": "1579307830", 
        "tid": "14384796", 
        "price": "121052000", 
        "type": "sell", 
        "amount": "0.00431047"
    }, 
    {
        "date": "1579307828", 
        "tid": "14384795", 
        "price": "121060000", 
        "type": "buy", 
        "amount": "0.31123938"
    }, 
    {
        "date": "1579307821", 
        "tid": "14384794", 
        "price": "121052000", 
        "type": "sell", 
        "amount": "0.00066315"
    }, 
    {
        "date": "1579307815", 
        "tid": "14384793", 
        "price": "121051000", 
        "type": "sell", 
        "amount": "0.00879289"
    }, 
    {
        "date": "1579307808", 
        "tid": "14384792", 
        "price": "120931000", 
        "type": "sell", 
        "amount": "0.00330309"
    }, 
    {
        "date": "1579307798", 
        "tid": "14384791", 
        "price": "121060000", 
        "type": "buy", 
        "amount": "0.21234978"
    }, 
    {
        "date": "1579307798", 
        "tid": "14384790", 
        "price": "121059000", 
        "type": "buy", 
        "amount": "0.00115351"
    }, 
    {
        "date": "1579307798", 
        "tid": "14384789", 
        "price": "121054000", 
        "type": "buy", 
        "amount": "0.00116591"
    }, 
    {
        "date": "1579307798", 
        "tid": "14384788", 
        "price": "121044000", 
        "type": "buy", 
        "amount": "0.00674653"
    }, 
    {
        "date": "1579307798", 
        "tid": "14384787", 
        "price": "121041000", 
        "type": "buy", 
        "amount": "0.00053671"
    }, 
    {
        "date": "1579307798", 
        "tid": "14384786", 
        "price": "121037000", 
        "type": "buy", 
        "amount": "0.00074470"
    }, 
    {
        "date": "1579307798", 
        "tid": "14384785", 
        "price": "121020000", 
        "type": "buy", 
        "amount": "0.00244472"
    }, 
    {
        "date": "1579307798", 
        "tid": "14384784", 
        "price": "121011000", 
        "type": "buy", 
        "amount": "0.02503337"
    }, 
    {
        "date": "1579307798", 
        "tid": "14384783", 
        "price": "121000000", 
        "type": "buy", 
        "amount": "0.28183291"
    }, 
    {
        "date": "1579307792", 
        "tid": "14384782", 
        "price": "121000000", 
        "type": "buy", 
        "amount": "0.21084000"
    }, 
    {
        "date": "1579307761", 
        "tid": "14384781", 
        "price": "120810000", 
        "type": "sell", 
        "amount": "0.00277437"
    }, 
    {
        "date": "1579307747", 
        "tid": "14384780", 
        "price": "121000000", 
        "type": "buy", 
        "amount": "0.78679121"
    }, 
    {
        "date": "1579307747", 
        "tid": "14384779", 
        "price": "120999000", 
        "type": "buy", 
        "amount": "0.23470000"
    }, 
    {
        "date": "1579307747", 
        "tid": "14384778", 
        "price": "120998000", 
        "type": "buy", 
        "amount": "0.00044034"
    }, 
    {
        "date": "1579307747", 
        "tid": "14384777", 
        "price": "120989000", 
        "type": "buy", 
        "amount": "0.00067890"
    }, 
    {
        "date": "1579307747", 
        "tid": "14384776", 
        "price": "120944000", 
        "type": "buy", 
        "amount": "0.00100000"
    }, 
    {
        "date": "1579307730", 
        "tid": "14384775", 
        "price": "120900000", 
        "type": "buy", 
        "amount": "0.00078242"
    }, 
    {
        "date": "1579307727", 
        "tid": "14384774", 
        "price": "120900000", 
        "type": "buy", 
        "amount": "0.09770690"
    }, 
    {
        "date": "1579307722", 
        "tid": "14384773", 
        "price": "120900000", 
        "type": "buy", 
        "amount": "0.05358572"
    }, 
    {
        "date": "1579307722", 
        "tid": "14384772", 
        "price": "120867000", 
        "type": "buy", 
        "amount": "0.00256592"
    }, 
    {
        "date": "1579307722", 
        "tid": "14384771", 
        "price": "120843000", 
        "type": "buy", 
        "amount": "0.00112200"
    }, 
    {
        "date": "1579307722", 
        "tid": "14384770", 
        "price": "120816000", 
        "type": "buy", 
        "amount": "0.00244472"
    }, 
    {
        "date": "1579307722", 
        "tid": "14384769", 
        "price": "120801000", 
        "type": "buy", 
        "amount": "0.00074470"
    }, 
    {
        "date": "1579307722", 
        "tid": "14384768", 
        "price": "120800000", 
        "type": "buy", 
        "amount": "0.01699849"
    }, 
    {
        "date": "1579307722", 
        "tid": "14384767", 
        "price": "120799000", 
        "type": "buy", 
        "amount": "0.00280920"
    }, 
    {
        "date": "1579307721", 
        "tid": "14384766", 
        "price": "120796000", 
        "type": "buy", 
        "amount": "0.00146603"
    }, 
    {
        "date": "1579307720", 
        "tid": "14384765", 
        "price": "120796000", 
        "type": "buy", 
        "amount": "0.18245264"
    }, 
    {
        "date": "1579307710", 
        "tid": "14384764", 
        "price": "120796000", 
        "type": "buy", 
        "amount": "0.14055978"
    }, 
    {
        "date": "1579307698", 
        "tid": "14384763", 
        "price": "120796000", 
        "type": "buy", 
        "amount": "0.00703571"
    }, 
    {
        "date": "1579307642", 
        "tid": "14384762", 
        "price": "120796000", 
        "type": "buy", 
        "amount": "0.22087966"
    }, 
    {
        "date": "1579307570", 
        "tid": "14384761", 
        "price": "120796000", 
        "type": "buy", 
        "amount": "0.00703571"
    }, 
    {
        "date": "1579307526", 
        "tid": "14384760", 
        "price": "120796000", 
        "type": "buy", 
        "amount": "0.00074961"
    }, 
    {
        "date": "1579307509", 
        "tid": "14384759", 
        "price": "120691000", 
        "type": "sell", 
        "amount": "0.00048898"
    }, 
    {
        "date": "1579307481", 
        "tid": "14384758", 
        "price": "120796000", 
        "type": "buy", 
        "amount": "0.01778462"
    }, 
    {
        "date": "1579307481", 
        "tid": "14384757", 
        "price": "120795000", 
        "type": "buy", 
        "amount": "0.00204623"
    }, 
    {
        "date": "1579307429", 
        "tid": "14384756", 
        "price": "120796000", 
        "type": "buy", 
        "amount": "0.00106282"
    }, 
    {
        "date": "1579307429", 
        "tid": "14384755", 
        "price": "120795000", 
        "type": "buy", 
        "amount": "0.01258083"
    }, 
    {
        "date": "1579307379", 
        "tid": "14384754", 
        "price": "120687000", 
        "type": "sell", 
        "amount": "0.00495511"
    }, 
    {
        "date": "1579307377", 
        "tid": "14384753", 
        "price": "120796000", 
        "type": "buy", 
        "amount": "0.00484594"
    }, 
    {
        "date": "1579307377", 
        "tid": "14384752", 
        "price": "120795000", 
        "type": "buy", 
        "amount": "0.00129368"
    }, 
    {
        "date": "1579307376", 
        "tid": "14384751", 
        "price": "120687000", 
        "type": "sell", 
        "amount": "0.00165170"
    }, 
    {
        "date": "1579307373", 
        "tid": "14384750", 
        "price": "120687000", 
        "type": "sell", 
        "amount": "0.00073409"
    }, 
    {
        "date": "1579307324", 
        "tid": "14384749", 
        "price": "120796000", 
        "type": "buy", 
        "amount": "0.01228467"
    }, 
    {
        "date": "1579307316", 
        "tid": "14384748", 
        "price": "120796000", 
        "type": "buy", 
        "amount": "0.00546398"
    }, 
    {
        "date": "1579307298", 
        "tid": "14384747", 
        "price": "120796000", 
        "type": "buy", 
        "amount": "0.02048995"
    }, 
    {
        "date": "1579307298", 
        "tid": "14384746", 
        "price": "120686000", 
        "type": "sell", 
        "amount": "0.00081714"
    }, 
    {
        "date": "1579307294", 
        "tid": "14384745", 
        "price": "120794000", 
        "type": "sell", 
        "amount": "0.00132456"
    }, 
    {
        "date": "1579307276", 
        "tid": "14384744", 
        "price": "120796000", 
        "type": "buy", 
        "amount": "0.01023264"
    }, 
    {
        "date": "1579307267", 
        "tid": "14384743", 
        "price": "120796000", 
        "type": "buy", 
        "amount": "0.00545741"
    }, 
    {
        "date": "1579307203", 
        "tid": "14384742", 
        "price": "120796000", 
        "type": "buy", 
        "amount": "0.00478099"
    }, 
    {
        "date": "1579307194", 
        "tid": "14384741", 
        "price": "120796000", 
        "type": "buy", 
        "amount": "0.02048995"
    }, 
    {
        "date": "1579307186", 
        "tid": "14384740", 
        "price": "120796000", 
        "type": "buy", 
        "amount": "0.02049065"
    }, 
    {
        "date": "1579307178", 
        "tid": "14384739", 
        "price": "120796000", 
        "type": "buy", 
        "amount": "0.00616030"
    }, 
    {
        "date": "1579307070", 
        "tid": "14384738", 
        "price": "120796000", 
        "type": "buy", 
        "amount": "0.01240146"
    }, 
    {
        "date": "1579306968", 
        "tid": "14384737", 
        "price": "120796000", 
        "type": "buy", 
        "amount": "0.16399326"
    }, 
    {
        "date": "1579306968", 
        "tid": "14384736", 
        "price": "120795000", 
        "type": "buy", 
        "amount": "0.00169473"
    }, 
    {
        "date": "1579306846", 
        "tid": "14384735", 
        "price": "120796000", 
        "type": "buy", 
        "amount": "0.02104686"
    }, 
    {
        "date": "1579306846", 
        "tid": "14384734", 
        "price": "120795000", 
        "type": "buy", 
        "amount": "0.01244238"
    }, 
    {
        "date": "1579306778", 
        "tid": "14384733", 
        "price": "120795000", 
        "type": "buy", 
        "amount": "0.05014969"
    }, 
    {
        "date": "1579306778", 
        "tid": "14384732", 
        "price": "120775000", 
        "type": "buy", 
        "amount": "0.00641403"
    }, 
    {
        "date": "1579306778", 
        "tid": "14384731", 
        "price": "120774000", 
        "type": "buy", 
        "amount": "0.00075000"
    }, 
    {
        "date": "1579306778", 
        "tid": "14384730", 
        "price": "120768000", 
        "type": "buy", 
        "amount": "0.04140203"
    }, 
    {
        "date": "1579306778", 
        "tid": "14384729", 
        "price": "120767000", 
        "type": "buy", 
        "amount": "0.00100000"
    }, 
    {
        "date": "1579306648", 
        "tid": "14384728", 
        "price": "120767000", 
        "type": "buy", 
        "amount": "0.00505297"
    }, 
    {
        "date": "1579306648", 
        "tid": "14384727", 
        "price": "120750000", 
        "type": "buy", 
        "amount": "0.00050472"
    }, 
    {
        "date": "1579306648", 
        "tid": "14384726", 
        "price": "120708000", 
        "type": "buy", 
        "amount": "0.00064010"
    }, 
    {
        "date": "1579306641", 
        "tid": "14384725", 
        "price": "120708000", 
        "type": "buy", 
        "amount": "0.00580090"
    }, 
    {
        "date": "1579306641", 
        "tid": "14384724", 
        "price": "120619000", 
        "type": "buy", 
        "amount": "0.00256592"
    }, 
    {
        "date": "1579306641", 
        "tid": "14384723", 
        "price": "120617000", 
        "type": "buy", 
        "amount": "0.00112200"
    }, 
    {
        "date": "1579306641", 
        "tid": "14384722", 
        "price": "120612000", 
        "type": "buy", 
        "amount": "0.00244472"
    }, 
    {
        "date": "1579306641", 
        "tid": "14384721", 
        "price": "120600000", 
        "type": "buy", 
        "amount": "0.00050798"
    }, 
    {
        "date": "1579306471", 
        "tid": "14384720", 
        "price": "120404000", 
        "type": "buy", 
        "amount": "0.00507246"
    }, 
    {
        "date": "1579306471", 
        "tid": "14384719", 
        "price": "120400000", 
        "type": "buy", 
        "amount": "0.00065800"
    }, 
    {
        "date": "1579306444", 
        "tid": "14384718", 
        "price": "120400000", 
        "type": "buy", 
        "amount": "0.04386839"
    }, 
    {
        "date": "1579306359", 
        "tid": "14384717", 
        "price": "120399000", 
        "type": "sell", 
        "amount": "0.20204159"
    }, 
    {
        "date": "1579306325", 
        "tid": "14384716", 
        "price": "120399000", 
        "type": "sell", 
        "amount": "0.00363772"
    }, 
    {
        "date": "1579306311", 
        "tid": "14384715", 
        "price": "120399000", 
        "type": "sell", 
        "amount": "0.00297626"
    }, 
    {
        "date": "1579306221", 
        "tid": "14384714", 
        "price": "120400000", 
        "type": "buy", 
        "amount": "0.04016013"
    }, 
    {
        "date": "1579306212", 
        "tid": "14384713", 
        "price": "120400000", 
        "type": "buy", 
        "amount": "0.06024020"
    }, 
    {
        "date": "1579306098", 
        "tid": "14384712", 
        "price": "120398000", 
        "type": "sell", 
        "amount": "0.00640085"
    }, 
    {
        "date": "1579306098", 
        "tid": "14384711", 
        "price": "120403000", 
        "type": "sell", 
        "amount": "0.00061805"
    }, 
    {
        "date": "1579306077", 
        "tid": "14384710", 
        "price": "120401000", 
        "type": "sell", 
        "amount": "0.00842261"
    }, 
    {
        "date": "1579306073", 
        "tid": "14384709", 
        "price": "120401000", 
        "type": "sell", 
        "amount": "0.11711485"
    }, 
    {
        "date": "1579306062", 
        "tid": "14384708", 
        "price": "120399000", 
        "type": "sell", 
        "amount": "0.01396153"
    }, 
    {
        "date": "1579306046", 
        "tid": "14384707", 
        "price": "120397000", 
        "type": "sell", 
        "amount": "0.00693862"
    }, 
    {
        "date": "1579306038", 
        "tid": "14384706", 
        "price": "120391000", 
        "type": "sell", 
        "amount": "0.01241542"
    }, 
    {
        "date": "1579306017", 
        "tid": "14384705", 
        "price": "120391000", 
        "type": "sell", 
        "amount": "0.00203641"
    }, 
    {
        "date": "1579305959", 
        "tid": "14384704", 
        "price": "120353000", 
        "type": "sell", 
        "amount": "0.00082590"
    }, 
    {
        "date": "1579305959", 
        "tid": "14384703", 
        "price": "120370000", 
        "type": "sell", 
        "amount": "0.00256593"
    }, 
    {
        "date": "1579305843", 
        "tid": "14384702", 
        "price": "120392000", 
        "type": "sell", 
        "amount": "0.00112200"
    }, 
    {
        "date": "1579305807", 
        "tid": "14384701", 
        "price": "120408000", 
        "type": "sell", 
        "amount": "0.00244472"
    }, 
    {
        "date": "1579305731", 
        "tid": "14384700", 
        "price": "120450000", 
        "type": "sell", 
        "amount": "0.03747071"
    }, 
    {
        "date": "1579305719", 
        "tid": "14384699", 
        "price": "120473000", 
        "type": "sell", 
        "amount": "0.04779321"
    }, 
    {
        "date": "1579305703", 
        "tid": "14384698", 
        "price": "120500000", 
        "type": "sell", 
        "amount": "0.00050471"
    }, 
    {
        "date": "1579305691", 
        "tid": "14384697", 
        "price": "120565000", 
        "type": "sell", 
        "amount": "0.00074470"
    }, 
    {
        "date": "1579305675", 
        "tid": "14384696", 
        "price": "120600000", 
        "type": "sell", 
        "amount": "0.01658374"
    }, 
    {
        "date": "1579305666", 
        "tid": "14384695", 
        "price": "120612000", 
        "type": "sell", 
        "amount": "0.00244472"
    }, 
    {
        "date": "1579305658", 
        "tid": "14384694", 
        "price": "120615000", 
        "type": "sell", 
        "amount": "0.02485720"
    }, 
    {
        "date": "1579305650", 
        "tid": "14384693", 
        "price": "120615000", 
        "type": "sell", 
        "amount": "0.01351572"
    }, 
    {
        "date": "1579305650", 
        "tid": "14384692", 
        "price": "120616000", 
        "type": "sell", 
        "amount": "0.00648428"
    }, 
    {
        "date": "1579305648", 
        "tid": "14384691", 
        "price": "120616000", 
        "type": "sell", 
        "amount": "0.00048093"
    }, 
    {
        "date": "1579305648", 
        "tid": "14384690", 
        "price": "120617000", 
        "type": "sell", 
        "amount": "0.00112200"
    }, 
    {
        "date": "1579305648", 
        "tid": "14384689", 
        "price": "120619000", 
        "type": "sell", 
        "amount": "0.00256591"
    }, 
    {
        "date": "1579305648", 
        "tid": "14384688", 
        "price": "120632000", 
        "type": "sell", 
        "amount": "0.00044033"
    }, 
    {
        "date": "1579305646", 
        "tid": "14384687", 
        "price": "120670000", 
        "type": "buy", 
        "amount": "0.00236207"
    }, 
    {
        "date": "1579305646", 
        "tid": "14384686", 
        "price": "120670000", 
        "type": "sell", 
        "amount": "0.00067890"
    }, 
    {
        "date": "1579305628", 
        "tid": "14384685", 
        "price": "120700000", 
        "type": "sell", 
        "amount": "0.03032348"
    }
]