[
    {
        "date": "1579277040", 
        "tid": "14383669", 
        "price": "119999000", 
        "type": "sell", 
        "amount": "0.01403390"
    }, 
    {
        "date": "1579277029", 
        "tid": "14383668", 
        "price": "119998000", 
        "type": "buy", 
        "amount": "0.00499174"
    }, 
    {
        "date": "1579277029", 
        "tid": "14383667", 
        "price": "119997000", 
        "type": "buy", 
        "amount": "0.00218176"
    }, 
    {
        "date": "1579277029", 
        "tid": "14383666", 
        "price": "119996000", 
        "type": "buy", 
        "amount": "0.00152725"
    }, 
    {
        "date": "1579277029", 
        "tid": "14383665", 
        "price": "119995000", 
        "type": "buy", 
        "amount": "0.00087272"
    }, 
    {
        "date": "1579277029", 
        "tid": "14383664", 
        "price": "119870000", 
        "type": "buy", 
        "amount": "0.00014150"
    }, 
    {
        "date": "1579277022", 
        "tid": "14383663", 
        "price": "119871000", 
        "type": "sell", 
        "amount": "0.00042545"
    }, 
    {
        "date": "1579277018", 
        "tid": "14383662", 
        "price": "119857000", 
        "type": "sell", 
        "amount": "0.01343951"
    }, 
    {
        "date": "1579277018", 
        "tid": "14383661", 
        "price": "119860000", 
        "type": "sell", 
        "amount": "0.00083430"
    }, 
    {
        "date": "1579277018", 
        "tid": "14383660", 
        "price": "119870000", 
        "type": "sell", 
        "amount": "0.00083423"
    }, 
    {
        "date": "1579277008", 
        "tid": "14383659", 
        "price": "120000000", 
        "type": "buy", 
        "amount": "0.00003271"
    }, 
    {
        "date": "1579277008", 
        "tid": "14383658", 
        "price": "119999000", 
        "type": "buy", 
        "amount": "0.00453697"
    }, 
    {
        "date": "1579277001", 
        "tid": "14383657", 
        "price": "119871000", 
        "type": "sell", 
        "amount": "0.00503562"
    }, 
    {
        "date": "1579276960", 
        "tid": "14383656", 
        "price": "119999000", 
        "type": "buy", 
        "amount": "0.00704104"
    }, 
    {
        "date": "1579276919", 
        "tid": "14383655", 
        "price": "119854000", 
        "type": "sell", 
        "amount": "0.00196931"
    }, 
    {
        "date": "1579276919", 
        "tid": "14383654", 
        "price": "119855000", 
        "type": "sell", 
        "amount": "0.00174967"
    }, 
    {
        "date": "1579276895", 
        "tid": "14383653", 
        "price": "119855000", 
        "type": "sell", 
        "amount": "0.00983263"
    }, 
    {
        "date": "1579276827", 
        "tid": "14383652", 
        "price": "119853000", 
        "type": "sell", 
        "amount": "0.00480838"
    }, 
    {
        "date": "1579276774", 
        "tid": "14383651", 
        "price": "119995000", 
        "type": "buy", 
        "amount": "0.00045973"
    }, 
    {
        "date": "1579276727", 
        "tid": "14383650", 
        "price": "119980000", 
        "type": "sell", 
        "amount": "0.00364742"
    }, 
    {
        "date": "1579276696", 
        "tid": "14383649", 
        "price": "119980000", 
        "type": "sell", 
        "amount": "0.07399238"
    }, 
    {
        "date": "1579276696", 
        "tid": "14383648", 
        "price": "119998000", 
        "type": "sell", 
        "amount": "0.21700152"
    }, 
    {
        "date": "1579276655", 
        "tid": "14383647", 
        "price": "120000000", 
        "type": "buy", 
        "amount": "0.00971016"
    }, 
    {
        "date": "1579276655", 
        "tid": "14383646", 
        "price": "119999000", 
        "type": "buy", 
        "amount": "0.04720288"
    }, 
    {
        "date": "1579276618", 
        "tid": "14383645", 
        "price": "119999000", 
        "type": "buy", 
        "amount": "0.00042373"
    }, 
    {
        "date": "1579276615", 
        "tid": "14383644", 
        "price": "119999000", 
        "type": "buy", 
        "amount": "0.00052027"
    }, 
    {
        "date": "1579276610", 
        "tid": "14383643", 
        "price": "119999000", 
        "type": "buy", 
        "amount": "0.00042373"
    }, 
    {
        "date": "1579276588", 
        "tid": "14383642", 
        "price": "119999000", 
        "type": "buy", 
        "amount": "0.00625920"
    }, 
    {
        "date": "1579276520", 
        "tid": "14383641", 
        "price": "119999000", 
        "type": "buy", 
        "amount": "0.00876087"
    }, 
    {
        "date": "1579276427", 
        "tid": "14383640", 
        "price": "119999000", 
        "type": "buy", 
        "amount": "0.00042373"
    }, 
    {
        "date": "1579276403", 
        "tid": "14383639", 
        "price": "119999000", 
        "type": "buy", 
        "amount": "0.00332339"
    }, 
    {
        "date": "1579276304", 
        "tid": "14383638", 
        "price": "119999000", 
        "type": "buy", 
        "amount": "0.01200120"
    }, 
    {
        "date": "1579276293", 
        "tid": "14383637", 
        "price": "119999000", 
        "type": "buy", 
        "amount": "0.01134201"
    }, 
    {
        "date": "1579276293", 
        "tid": "14383636", 
        "price": "119991000", 
        "type": "buy", 
        "amount": "0.00141181"
    }, 
    {
        "date": "1579276293", 
        "tid": "14383635", 
        "price": "119990000", 
        "type": "buy", 
        "amount": "0.00204086"
    }, 
    {
        "date": "1579276260", 
        "tid": "14383634", 
        "price": "119988000", 
        "type": "buy", 
        "amount": "0.07008172"
    }, 
    {
        "date": "1579276260", 
        "tid": "14383633", 
        "price": "119987000", 
        "type": "buy", 
        "amount": "0.00544269"
    }, 
    {
        "date": "1579276260", 
        "tid": "14383632", 
        "price": "119986000", 
        "type": "buy", 
        "amount": "0.00448787"
    }, 
    {
        "date": "1579276260", 
        "tid": "14383631", 
        "price": "119985000", 
        "type": "buy", 
        "amount": "0.16155201"
    }, 
    {
        "date": "1579276260", 
        "tid": "14383630", 
        "price": "119984000", 
        "type": "buy", 
        "amount": "0.00315106"
    }, 
    {
        "date": "1579276260", 
        "tid": "14383629", 
        "price": "119983000", 
        "type": "buy", 
        "amount": "0.00921257"
    }, 
    {
        "date": "1579276241", 
        "tid": "14383628", 
        "price": "119983000", 
        "type": "buy", 
        "amount": "0.00425106"
    }, 
    {
        "date": "1579276241", 
        "tid": "14383627", 
        "price": "119952000", 
        "type": "buy", 
        "amount": "0.01039560"
    }, 
    {
        "date": "1579276239", 
        "tid": "14383626", 
        "price": "119942000", 
        "type": "buy", 
        "amount": "0.00470502"
    }, 
    {
        "date": "1579276226", 
        "tid": "14383625", 
        "price": "119837000", 
        "type": "sell", 
        "amount": "0.00941700"
    }, 
    {
        "date": "1579276214", 
        "tid": "14383624", 
        "price": "119833000", 
        "type": "sell", 
        "amount": "0.13270748"
    }, 
    {
        "date": "1579276088", 
        "tid": "14383623", 
        "price": "119819000", 
        "type": "sell", 
        "amount": "0.02949555"
    }, 
    {
        "date": "1579276062", 
        "tid": "14383622", 
        "price": "119818000", 
        "type": "sell", 
        "amount": "0.00492030"
    }, 
    {
        "date": "1579276051", 
        "tid": "14383621", 
        "price": "119816000", 
        "type": "sell", 
        "amount": "0.00424402"
    }, 
    {
        "date": "1579276050", 
        "tid": "14383620", 
        "price": "119952000", 
        "type": "buy", 
        "amount": "0.01415837"
    }, 
    {
        "date": "1579276046", 
        "tid": "14383619", 
        "price": "119815000", 
        "type": "sell", 
        "amount": "0.09812037"
    }, 
    {
        "date": "1579276037", 
        "tid": "14383618", 
        "price": "119813000", 
        "type": "buy", 
        "amount": "0.04173204"
    }, 
    {
        "date": "1579276027", 
        "tid": "14383617", 
        "price": "119812000", 
        "type": "sell", 
        "amount": "0.00188307"
    }, 
    {
        "date": "1579276025", 
        "tid": "14383616", 
        "price": "119812000", 
        "type": "sell", 
        "amount": "0.00761396"
    }, 
    {
        "date": "1579276006", 
        "tid": "14383615", 
        "price": "119809000", 
        "type": "sell", 
        "amount": "0.00761396"
    }, 
    {
        "date": "1579276004", 
        "tid": "14383614", 
        "price": "119952000", 
        "type": "buy", 
        "amount": "0.00415587"
    }, 
    {
        "date": "1579276001", 
        "tid": "14383613", 
        "price": "119952000", 
        "type": "buy", 
        "amount": "0.00424402"
    }, 
    {
        "date": "1579275954", 
        "tid": "14383612", 
        "price": "119955000", 
        "type": "buy", 
        "amount": "0.00042389"
    }, 
    {
        "date": "1579275954", 
        "tid": "14383611", 
        "price": "119955000", 
        "type": "buy", 
        "amount": "0.14068322"
    }, 
    {
        "date": "1579275954", 
        "tid": "14383610", 
        "price": "119941000", 
        "type": "buy", 
        "amount": "0.00061279"
    }, 
    {
        "date": "1579275932", 
        "tid": "14383609", 
        "price": "119941000", 
        "type": "buy", 
        "amount": "0.00050921"
    }, 
    {
        "date": "1579275932", 
        "tid": "14383608", 
        "price": "119921000", 
        "type": "buy", 
        "amount": "0.00076830"
    }, 
    {
        "date": "1579275932", 
        "tid": "14383607", 
        "price": "119905000", 
        "type": "buy", 
        "amount": "0.00342751"
    }, 
    {
        "date": "1579275908", 
        "tid": "14383606", 
        "price": "119752000", 
        "type": "sell", 
        "amount": "0.00453265"
    }, 
    {
        "date": "1579275908", 
        "tid": "14383605", 
        "price": "119755000", 
        "type": "sell", 
        "amount": "0.00250511"
    }, 
    {
        "date": "1579275890", 
        "tid": "14383604", 
        "price": "119763000", 
        "type": "sell", 
        "amount": "0.01139976"
    }, 
    {
        "date": "1579275890", 
        "tid": "14383603", 
        "price": "119815000", 
        "type": "sell", 
        "amount": "0.00205409"
    }, 
    {
        "date": "1579275878", 
        "tid": "14383602", 
        "price": "119815000", 
        "type": "sell", 
        "amount": "0.00003246"
    }, 
    {
        "date": "1579275878", 
        "tid": "14383601", 
        "price": "119832000", 
        "type": "sell", 
        "amount": "0.01083517"
    }, 
    {
        "date": "1579275873", 
        "tid": "14383600", 
        "price": "119905000", 
        "type": "buy", 
        "amount": "0.04657249"
    }, 
    {
        "date": "1579275873", 
        "tid": "14383599", 
        "price": "119901000", 
        "type": "buy", 
        "amount": "0.00044034"
    }, 
    {
        "date": "1579275873", 
        "tid": "14383598", 
        "price": "119900000", 
        "type": "buy", 
        "amount": "0.00603272"
    }, 
    {
        "date": "1579275873", 
        "tid": "14383597", 
        "price": "119890000", 
        "type": "buy", 
        "amount": "0.00520983"
    }, 
    {
        "date": "1579275873", 
        "tid": "14383596", 
        "price": "119862000", 
        "type": "buy", 
        "amount": "0.21759854"
    }, 
    {
        "date": "1579275873", 
        "tid": "14383595", 
        "price": "119861000", 
        "type": "buy", 
        "amount": "0.09687451"
    }, 
    {
        "date": "1579275873", 
        "tid": "14383594", 
        "price": "119858000", 
        "type": "buy", 
        "amount": "0.00074470"
    }, 
    {
        "date": "1579275873", 
        "tid": "14383593", 
        "price": "119840000", 
        "type": "buy", 
        "amount": "0.00081681"
    }, 
    {
        "date": "1579275873", 
        "tid": "14383592", 
        "price": "119832000", 
        "type": "buy", 
        "amount": "0.01249340"
    }, 
    {
        "date": "1579275861", 
        "tid": "14383591", 
        "price": "119832000", 
        "type": "buy", 
        "amount": "0.00672338"
    }, 
    {
        "date": "1579275861", 
        "tid": "14383590", 
        "price": "119815000", 
        "type": "buy", 
        "amount": "0.00301518"
    }, 
    {
        "date": "1579275854", 
        "tid": "14383589", 
        "price": "119759000", 
        "type": "sell", 
        "amount": "0.00700000"
    }, 
    {
        "date": "1579275793", 
        "tid": "14383588", 
        "price": "119815000", 
        "type": "buy", 
        "amount": "0.00208031"
    }, 
    {
        "date": "1579275792", 
        "tid": "14383587", 
        "price": "119747000", 
        "type": "sell", 
        "amount": "0.01565786"
    }, 
    {
        "date": "1579275792", 
        "tid": "14383586", 
        "price": "119747000", 
        "type": "sell", 
        "amount": "0.01444036"
    }, 
    {
        "date": "1579275773", 
        "tid": "14383585", 
        "price": "119744000", 
        "type": "sell", 
        "amount": "0.01565838"
    }, 
    {
        "date": "1579275753", 
        "tid": "14383584", 
        "price": "119741000", 
        "type": "sell", 
        "amount": "0.00782984"
    }, 
    {
        "date": "1579275747", 
        "tid": "14383583", 
        "price": "119832000", 
        "type": "buy", 
        "amount": "0.00082951"
    }, 
    {
        "date": "1579275737", 
        "tid": "14383582", 
        "price": "119739000", 
        "type": "sell", 
        "amount": "0.00782984"
    }, 
    {
        "date": "1579275722", 
        "tid": "14383581", 
        "price": "119736000", 
        "type": "sell", 
        "amount": "0.00782984"
    }, 
    {
        "date": "1579275713", 
        "tid": "14383580", 
        "price": "119735000", 
        "type": "sell", 
        "amount": "0.00782984"
    }, 
    {
        "date": "1579275709", 
        "tid": "14383579", 
        "price": "119832000", 
        "type": "buy", 
        "amount": "0.00042432"
    }, 
    {
        "date": "1579275696", 
        "tid": "14383578", 
        "price": "119732000", 
        "type": "sell", 
        "amount": "0.00140320"
    }, 
    {
        "date": "1579275695", 
        "tid": "14383577", 
        "price": "119731000", 
        "type": "sell", 
        "amount": "0.00783004"
    }, 
    {
        "date": "1579275687", 
        "tid": "14383576", 
        "price": "119729000", 
        "type": "sell", 
        "amount": "0.00783017"
    }, 
    {
        "date": "1579275678", 
        "tid": "14383575", 
        "price": "119832000", 
        "type": "buy", 
        "amount": "0.00829112"
    }, 
    {
        "date": "1579275674", 
        "tid": "14383574", 
        "price": "119832000", 
        "type": "buy", 
        "amount": "0.00052407"
    }, 
    {
        "date": "1579275665", 
        "tid": "14383573", 
        "price": "119725000", 
        "type": "sell", 
        "amount": "0.00783030"
    }, 
    {
        "date": "1579275652", 
        "tid": "14383572", 
        "price": "119723000", 
        "type": "sell", 
        "amount": "0.00783076"
    }, 
    {
        "date": "1579275625", 
        "tid": "14383571", 
        "price": "119719000", 
        "type": "sell", 
        "amount": "0.00050000"
    }, 
    {
        "date": "1579275607", 
        "tid": "14383570", 
        "price": "119718000", 
        "type": "sell", 
        "amount": "0.00783082"
    }, 
    {
        "date": "1579275601", 
        "tid": "14383569", 
        "price": "119717000", 
        "type": "sell", 
        "amount": "0.00082782"
    }, 
    {
        "date": "1579275593", 
        "tid": "14383568", 
        "price": "119716000", 
        "type": "sell", 
        "amount": "0.00014130"
    }, 
    {
        "date": "1579275579", 
        "tid": "14383567", 
        "price": "119714000", 
        "type": "sell", 
        "amount": "0.00783135"
    }, 
    {
        "date": "1579275570", 
        "tid": "14383566", 
        "price": "119832000", 
        "type": "buy", 
        "amount": "0.00042432"
    }, 
    {
        "date": "1579275570", 
        "tid": "14383565", 
        "price": "119712000", 
        "type": "sell", 
        "amount": "0.00783135"
    }, 
    {
        "date": "1579275564", 
        "tid": "14383564", 
        "price": "119832000", 
        "type": "buy", 
        "amount": "0.08394418"
    }, 
    {
        "date": "1579275564", 
        "tid": "14383563", 
        "price": "119800000", 
        "type": "buy", 
        "amount": "0.00790418"
    }, 
    {
        "date": "1579275564", 
        "tid": "14383562", 
        "price": "119795000", 
        "type": "buy", 
        "amount": "0.00244472"
    }, 
    {
        "date": "1579275564", 
        "tid": "14383561", 
        "price": "119750000", 
        "type": "buy", 
        "amount": "0.00050472"
    }, 
    {
        "date": "1579275564", 
        "tid": "14383560", 
        "price": "119725000", 
        "type": "buy", 
        "amount": "0.00109735"
    }, 
    {
        "date": "1579275564", 
        "tid": "14383559", 
        "price": "119715000", 
        "type": "buy", 
        "amount": "0.00043004"
    }, 
    {
        "date": "1579275561", 
        "tid": "14383558", 
        "price": "119715000", 
        "type": "buy", 
        "amount": "0.00042474"
    }, 
    {
        "date": "1579275533", 
        "tid": "14383557", 
        "price": "119725000", 
        "type": "buy", 
        "amount": "0.00031446"
    }, 
    {
        "date": "1579275533", 
        "tid": "14383556", 
        "price": "119715000", 
        "type": "buy", 
        "amount": "0.00011027"
    }, 
    {
        "date": "1579275529", 
        "tid": "14383555", 
        "price": "119715000", 
        "type": "buy", 
        "amount": "0.00041641"
    }, 
    {
        "date": "1579275488", 
        "tid": "14383554", 
        "price": "119698000", 
        "type": "sell", 
        "amount": "0.07108468"
    }, 
    {
        "date": "1579275486", 
        "tid": "14383553", 
        "price": "119715000", 
        "type": "buy", 
        "amount": "0.00042474"
    }, 
    {
        "date": "1579275476", 
        "tid": "14383552", 
        "price": "119715000", 
        "type": "buy", 
        "amount": "0.00017058"
    }, 
    {
        "date": "1579275476", 
        "tid": "14383551", 
        "price": "119713000", 
        "type": "buy", 
        "amount": "0.00025416"
    }, 
    {
        "date": "1579275465", 
        "tid": "14383550", 
        "price": "119713000", 
        "type": "buy", 
        "amount": "0.00042474"
    }, 
    {
        "date": "1579275465", 
        "tid": "14383549", 
        "price": "119695000", 
        "type": "sell", 
        "amount": "0.04177667"
    }, 
    {
        "date": "1579275390", 
        "tid": "14383548", 
        "price": "119684000", 
        "type": "sell", 
        "amount": "0.00050130"
    }, 
    {
        "date": "1579275387", 
        "tid": "14383547", 
        "price": "119683000", 
        "type": "sell", 
        "amount": "0.00050546"
    }, 
    {
        "date": "1579275386", 
        "tid": "14383546", 
        "price": "119683000", 
        "type": "sell", 
        "amount": "0.00050546"
    }, 
    {
        "date": "1579275385", 
        "tid": "14383545", 
        "price": "119683000", 
        "type": "sell", 
        "amount": "0.00050546"
    }, 
    {
        "date": "1579275384", 
        "tid": "14383544", 
        "price": "119683000", 
        "type": "sell", 
        "amount": "0.00050540"
    }, 
    {
        "date": "1579275383", 
        "tid": "14383543", 
        "price": "119683000", 
        "type": "sell", 
        "amount": "0.00050541"
    }, 
    {
        "date": "1579275382", 
        "tid": "14383542", 
        "price": "119683000", 
        "type": "sell", 
        "amount": "0.00050541"
    }, 
    {
        "date": "1579275380", 
        "tid": "14383541", 
        "price": "119683000", 
        "type": "sell", 
        "amount": "0.00050541"
    }, 
    {
        "date": "1579275379", 
        "tid": "14383540", 
        "price": "119683000", 
        "type": "sell", 
        "amount": "0.00050541"
    }, 
    {
        "date": "1579275378", 
        "tid": "14383539", 
        "price": "119682000", 
        "type": "sell", 
        "amount": "0.00050541"
    }, 
    {
        "date": "1579275376", 
        "tid": "14383538", 
        "price": "119682000", 
        "type": "sell", 
        "amount": "0.00050541"
    }, 
    {
        "date": "1579275375", 
        "tid": "14383537", 
        "price": "119681000", 
        "type": "sell", 
        "amount": "0.00050540"
    }, 
    {
        "date": "1579275374", 
        "tid": "14383536", 
        "price": "119681000", 
        "type": "sell", 
        "amount": "0.00050540"
    }, 
    {
        "date": "1579275372", 
        "tid": "14383535", 
        "price": "119681000", 
        "type": "sell", 
        "amount": "0.00050540"
    }, 
    {
        "date": "1579275364", 
        "tid": "14383534", 
        "price": "119680000", 
        "type": "buy", 
        "amount": "0.00081681"
    }, 
    {
        "date": "1579275352", 
        "tid": "14383533", 
        "price": "119669000", 
        "type": "sell", 
        "amount": "0.05424026"
    }, 
    {
        "date": "1579275352", 
        "tid": "14383532", 
        "price": "119671000", 
        "type": "sell", 
        "amount": "0.00087561"
    }, 
    {
        "date": "1579275317", 
        "tid": "14383531", 
        "price": "119669000", 
        "type": "sell", 
        "amount": "0.00427965"
    }, 
    {
        "date": "1579275302", 
        "tid": "14383530", 
        "price": "119668000", 
        "type": "buy", 
        "amount": "0.00065649"
    }, 
    {
        "date": "1579275295", 
        "tid": "14383529", 
        "price": "119610000", 
        "type": "sell", 
        "amount": "0.00050000"
    }, 
    {
        "date": "1579275290", 
        "tid": "14383528", 
        "price": "119668000", 
        "type": "buy", 
        "amount": "0.00859719"
    }, 
    {
        "date": "1579275268", 
        "tid": "14383527", 
        "price": "119668000", 
        "type": "buy", 
        "amount": "0.00859719"
    }, 
    {
        "date": "1579275261", 
        "tid": "14383526", 
        "price": "119668000", 
        "type": "buy", 
        "amount": "0.06954810"
    }, 
    {
        "date": "1579275259", 
        "tid": "14383525", 
        "price": "119668000", 
        "type": "buy", 
        "amount": "0.00859719"
    }, 
    {
        "date": "1579275245", 
        "tid": "14383524", 
        "price": "119668000", 
        "type": "buy", 
        "amount": "0.00859719"
    }, 
    {
        "date": "1579275223", 
        "tid": "14383523", 
        "price": "119668000", 
        "type": "buy", 
        "amount": "0.00823612"
    }, 
    {
        "date": "1579275223", 
        "tid": "14383522", 
        "price": "119622000", 
        "type": "buy", 
        "amount": "0.00036122"
    }, 
    {
        "date": "1579275218", 
        "tid": "14383521", 
        "price": "119599000", 
        "type": "sell", 
        "amount": "0.00837230"
    }, 
    {
        "date": "1579275215", 
        "tid": "14383520", 
        "price": "119622000", 
        "type": "buy", 
        "amount": "0.00038348"
    }
]