[
    {
        "date": "1579356534", 
        "tid": "14387074", 
        "price": "120852000", 
        "type": "buy", 
        "amount": "0.00042074"
    }, 
    {
        "date": "1579356530", 
        "tid": "14387073", 
        "price": "120852000", 
        "type": "buy", 
        "amount": "0.00189746"
    }, 
    {
        "date": "1579356509", 
        "tid": "14387072", 
        "price": "120851000", 
        "type": "sell", 
        "amount": "0.00048639"
    }, 
    {
        "date": "1579356499", 
        "tid": "14387071", 
        "price": "120851000", 
        "type": "sell", 
        "amount": "0.00077174"
    }, 
    {
        "date": "1579356499", 
        "tid": "14387070", 
        "price": "120867000", 
        "type": "sell", 
        "amount": "0.00244107"
    }, 
    {
        "date": "1579356499", 
        "tid": "14387069", 
        "price": "120895000", 
        "type": "sell", 
        "amount": "0.00192000"
    }, 
    {
        "date": "1579356499", 
        "tid": "14387068", 
        "price": "120897000", 
        "type": "sell", 
        "amount": "0.00244109"
    }, 
    {
        "date": "1579356493", 
        "tid": "14387067", 
        "price": "120924000", 
        "type": "sell", 
        "amount": "0.15426545"
    }, 
    {
        "date": "1579356490", 
        "tid": "14387066", 
        "price": "120924000", 
        "type": "sell", 
        "amount": "0.00757067"
    }, 
    {
        "date": "1579356482", 
        "tid": "14387065", 
        "price": "120924000", 
        "type": "sell", 
        "amount": "0.00166554"
    }, 
    {
        "date": "1579356469", 
        "tid": "14387064", 
        "price": "120924000", 
        "type": "sell", 
        "amount": "0.00151413"
    }, 
    {
        "date": "1579356449", 
        "tid": "14387063", 
        "price": "120924000", 
        "type": "sell", 
        "amount": "0.00189266"
    }, 
    {
        "date": "1579356439", 
        "tid": "14387062", 
        "price": "120924000", 
        "type": "sell", 
        "amount": "0.00263125"
    }, 
    {
        "date": "1579356439", 
        "tid": "14387061", 
        "price": "120928000", 
        "type": "sell", 
        "amount": "0.00024560"
    }, 
    {
        "date": "1579356411", 
        "tid": "14387060", 
        "price": "120928000", 
        "type": "sell", 
        "amount": "0.00219549"
    }, 
    {
        "date": "1579356351", 
        "tid": "14387059", 
        "price": "120972000", 
        "type": "buy", 
        "amount": "0.02394969"
    }, 
    {
        "date": "1579356351", 
        "tid": "14387058", 
        "price": "120959000", 
        "type": "buy", 
        "amount": "0.00159963"
    }, 
    {
        "date": "1579356347", 
        "tid": "14387057", 
        "price": "120924000", 
        "type": "sell", 
        "amount": "0.00333109"
    }, 
    {
        "date": "1579356332", 
        "tid": "14387056", 
        "price": "120924000", 
        "type": "sell", 
        "amount": "0.00757067"
    }, 
    {
        "date": "1579356329", 
        "tid": "14387055", 
        "price": "120924000", 
        "type": "sell", 
        "amount": "0.08960284"
    }, 
    {
        "date": "1579356329", 
        "tid": "14387054", 
        "price": "120928000", 
        "type": "sell", 
        "amount": "0.03939716"
    }, 
    {
        "date": "1579356302", 
        "tid": "14387053", 
        "price": "120959000", 
        "type": "buy", 
        "amount": "0.00164850"
    }, 
    {
        "date": "1579356285", 
        "tid": "14387052", 
        "price": "120973000", 
        "type": "buy", 
        "amount": "0.00041208"
    }, 
    {
        "date": "1579356281", 
        "tid": "14387051", 
        "price": "120928000", 
        "type": "sell", 
        "amount": "0.00439084"
    }, 
    {
        "date": "1579356271", 
        "tid": "14387050", 
        "price": "120973000", 
        "type": "buy", 
        "amount": "0.00065723"
    }, 
    {
        "date": "1579356266", 
        "tid": "14387049", 
        "price": "120973000", 
        "type": "buy", 
        "amount": "0.00255489"
    }, 
    {
        "date": "1579356235", 
        "tid": "14387048", 
        "price": "120973000", 
        "type": "buy", 
        "amount": "0.01816317"
    }, 
    {
        "date": "1579356177", 
        "tid": "14387047", 
        "price": "120924000", 
        "type": "sell", 
        "amount": "0.00393557"
    }, 
    {
        "date": "1579356145", 
        "tid": "14387046", 
        "price": "120959000", 
        "type": "buy", 
        "amount": "0.00244108"
    }, 
    {
        "date": "1579356131", 
        "tid": "14387045", 
        "price": "120924000", 
        "type": "sell", 
        "amount": "0.00757067"
    }, 
    {
        "date": "1579356120", 
        "tid": "14387044", 
        "price": "120924000", 
        "type": "sell", 
        "amount": "0.00355818"
    }, 
    {
        "date": "1579356096", 
        "tid": "14387043", 
        "price": "120945000", 
        "type": "buy", 
        "amount": "0.00055341"
    }, 
    {
        "date": "1579356076", 
        "tid": "14387042", 
        "price": "120945000", 
        "type": "buy", 
        "amount": "0.00497841"
    }, 
    {
        "date": "1579356076", 
        "tid": "14387041", 
        "price": "120928000", 
        "type": "buy", 
        "amount": "0.00244108"
    }, 
    {
        "date": "1579356040", 
        "tid": "14387040", 
        "price": "120924000", 
        "type": "sell", 
        "amount": "0.02031790"
    }, 
    {
        "date": "1579356025", 
        "tid": "14387039", 
        "price": "120924000", 
        "type": "buy", 
        "amount": "0.03885992"
    }, 
    {
        "date": "1579356004", 
        "tid": "14387038", 
        "price": "120923000", 
        "type": "buy", 
        "amount": "0.71940607"
    }, 
    {
        "date": "1579355990", 
        "tid": "14387037", 
        "price": "120923000", 
        "type": "buy", 
        "amount": "0.00074425"
    }, 
    {
        "date": "1579355970", 
        "tid": "14387036", 
        "price": "120911000", 
        "type": "sell", 
        "amount": "0.01609000"
    }, 
    {
        "date": "1579355957", 
        "tid": "14387035", 
        "price": "120927000", 
        "type": "buy", 
        "amount": "0.00030996"
    }, 
    {
        "date": "1579355957", 
        "tid": "14387034", 
        "price": "120914000", 
        "type": "buy", 
        "amount": "0.00017643"
    }, 
    {
        "date": "1579355923", 
        "tid": "14387033", 
        "price": "120914000", 
        "type": "buy", 
        "amount": "0.00041228"
    }, 
    {
        "date": "1579355923", 
        "tid": "14387032", 
        "price": "120914000", 
        "type": "buy", 
        "amount": "0.00057586"
    }, 
    {
        "date": "1579355897", 
        "tid": "14387031", 
        "price": "120914000", 
        "type": "buy", 
        "amount": "0.00062355"
    }, 
    {
        "date": "1579355879", 
        "tid": "14387030", 
        "price": "120911000", 
        "type": "buy", 
        "amount": "0.60000000"
    }, 
    {
        "date": "1579355879", 
        "tid": "14387029", 
        "price": "120910000", 
        "type": "buy", 
        "amount": "0.00645737"
    }, 
    {
        "date": "1579355879", 
        "tid": "14387028", 
        "price": "120909000", 
        "type": "buy", 
        "amount": "0.00350766"
    }, 
    {
        "date": "1579355879", 
        "tid": "14387027", 
        "price": "120908000", 
        "type": "buy", 
        "amount": "0.00285000"
    }, 
    {
        "date": "1579355879", 
        "tid": "14387026", 
        "price": "120907000", 
        "type": "buy", 
        "amount": "0.00219233"
    }, 
    {
        "date": "1579355879", 
        "tid": "14387025", 
        "price": "120906000", 
        "type": "buy", 
        "amount": "0.41819435"
    }, 
    {
        "date": "1579355879", 
        "tid": "14387024", 
        "price": "120905000", 
        "type": "buy", 
        "amount": "0.01867395"
    }, 
    {
        "date": "1579355879", 
        "tid": "14387023", 
        "price": "120900000", 
        "type": "buy", 
        "amount": "0.09940943"
    }, 
    {
        "date": "1579355879", 
        "tid": "14387022", 
        "price": "120897000", 
        "type": "buy", 
        "amount": "0.00244108"
    }, 
    {
        "date": "1579355879", 
        "tid": "14387021", 
        "price": "120896000", 
        "type": "buy", 
        "amount": "0.04499173"
    }, 
    {
        "date": "1579355810", 
        "tid": "14387020", 
        "price": "120895000", 
        "type": "sell", 
        "amount": "0.00057941"
    }, 
    {
        "date": "1579355774", 
        "tid": "14387019", 
        "price": "120895000", 
        "type": "sell", 
        "amount": "0.00181757"
    }, 
    {
        "date": "1579355765", 
        "tid": "14387018", 
        "price": "120895000", 
        "type": "sell", 
        "amount": "0.00757249"
    }, 
    {
        "date": "1579355740", 
        "tid": "14387017", 
        "price": "120895000", 
        "type": "sell", 
        "amount": "0.00249765"
    }, 
    {
        "date": "1579355719", 
        "tid": "14387016", 
        "price": "120895000", 
        "type": "sell", 
        "amount": "0.01356226"
    }, 
    {
        "date": "1579355664", 
        "tid": "14387015", 
        "price": "120895000", 
        "type": "buy", 
        "amount": "0.00087702"
    }, 
    {
        "date": "1579355664", 
        "tid": "14387014", 
        "price": "120892000", 
        "type": "buy", 
        "amount": "0.00045857"
    }, 
    {
        "date": "1579355663", 
        "tid": "14387013", 
        "price": "120892000", 
        "type": "buy", 
        "amount": "0.00079843"
    }, 
    {
        "date": "1579355612", 
        "tid": "14387012", 
        "price": "120896000", 
        "type": "buy", 
        "amount": "0.00862398"
    }, 
    {
        "date": "1579355612", 
        "tid": "14387011", 
        "price": "120892000", 
        "type": "buy", 
        "amount": "0.00153482"
    }, 
    {
        "date": "1579355612", 
        "tid": "14387010", 
        "price": "120891000", 
        "type": "buy", 
        "amount": "0.00087705"
    }, 
    {
        "date": "1579355612", 
        "tid": "14387009", 
        "price": "120880000", 
        "type": "buy", 
        "amount": "0.00421581"
    }, 
    {
        "date": "1579355612", 
        "tid": "14387008", 
        "price": "120867000", 
        "type": "buy", 
        "amount": "0.01520844"
    }, 
    {
        "date": "1579355612", 
        "tid": "14387007", 
        "price": "120860000", 
        "type": "buy", 
        "amount": "0.00207382"
    }, 
    {
        "date": "1579355612", 
        "tid": "14387006", 
        "price": "120852000", 
        "type": "buy", 
        "amount": "0.02516208"
    }, 
    {
        "date": "1579355612", 
        "tid": "14387005", 
        "price": "120851000", 
        "type": "buy", 
        "amount": "0.09254183"
    }, 
    {
        "date": "1579355579", 
        "tid": "14387004", 
        "price": "120851000", 
        "type": "buy", 
        "amount": "0.00041249"
    }, 
    {
        "date": "1579355569", 
        "tid": "14387003", 
        "price": "120851000", 
        "type": "buy", 
        "amount": "0.00049499"
    }, 
    {
        "date": "1579355442", 
        "tid": "14387002", 
        "price": "120851000", 
        "type": "buy", 
        "amount": "0.00042074"
    }, 
    {
        "date": "1579355433", 
        "tid": "14387001", 
        "price": "120850000", 
        "type": "sell", 
        "amount": "0.04153814"
    }, 
    {
        "date": "1579355356", 
        "tid": "14387000", 
        "price": "120851000", 
        "type": "buy", 
        "amount": "0.00042074"
    }, 
    {
        "date": "1579355235", 
        "tid": "14386999", 
        "price": "120851000", 
        "type": "buy", 
        "amount": "0.00042074"
    }, 
    {
        "date": "1579355216", 
        "tid": "14386998", 
        "price": "120851000", 
        "type": "buy", 
        "amount": "0.00053440"
    }, 
    {
        "date": "1579355183", 
        "tid": "14386997", 
        "price": "120851000", 
        "type": "sell", 
        "amount": "0.00042200"
    }, 
    {
        "date": "1579355073", 
        "tid": "14386996", 
        "price": "120850000", 
        "type": "sell", 
        "amount": "0.01515062"
    }, 
    {
        "date": "1579355057", 
        "tid": "14386995", 
        "price": "120850000", 
        "type": "sell", 
        "amount": "0.01472862"
    }, 
    {
        "date": "1579355057", 
        "tid": "14386994", 
        "price": "120851000", 
        "type": "sell", 
        "amount": "0.00042200"
    }, 
    {
        "date": "1579355025", 
        "tid": "14386993", 
        "price": "120850000", 
        "type": "sell", 
        "amount": "0.01515062"
    }, 
    {
        "date": "1579355017", 
        "tid": "14386992", 
        "price": "120850000", 
        "type": "sell", 
        "amount": "0.01515062"
    }, 
    {
        "date": "1579355006", 
        "tid": "14386991", 
        "price": "120850000", 
        "type": "sell", 
        "amount": "0.01294962"
    }, 
    {
        "date": "1579355006", 
        "tid": "14386990", 
        "price": "120866000", 
        "type": "sell", 
        "amount": "0.00220100"
    }, 
    {
        "date": "1579354993", 
        "tid": "14386989", 
        "price": "120866000", 
        "type": "buy", 
        "amount": "0.00094082"
    }, 
    {
        "date": "1579354947", 
        "tid": "14386988", 
        "price": "120850000", 
        "type": "sell", 
        "amount": "0.18541865"
    }, 
    {
        "date": "1579354947", 
        "tid": "14386987", 
        "price": "120851000", 
        "type": "sell", 
        "amount": "0.17554591"
    }, 
    {
        "date": "1579354947", 
        "tid": "14386986", 
        "price": "120852000", 
        "type": "sell", 
        "amount": "0.04137291"
    }, 
    {
        "date": "1579354947", 
        "tid": "14386985", 
        "price": "120853000", 
        "type": "sell", 
        "amount": "0.00295707"
    }, 
    {
        "date": "1579354947", 
        "tid": "14386984", 
        "price": "120854000", 
        "type": "sell", 
        "amount": "0.00665440"
    }, 
    {
        "date": "1579354858", 
        "tid": "14386983", 
        "price": "120851000", 
        "type": "sell", 
        "amount": "0.01092200"
    }, 
    {
        "date": "1579354782", 
        "tid": "14386982", 
        "price": "120850000", 
        "type": "buy", 
        "amount": "0.00941902"
    }, 
    {
        "date": "1579354782", 
        "tid": "14386981", 
        "price": "120849000", 
        "type": "buy", 
        "amount": "0.08000187"
    }, 
    {
        "date": "1579354782", 
        "tid": "14386980", 
        "price": "120843000", 
        "type": "buy", 
        "amount": "0.00112200"
    }, 
    {
        "date": "1579354782", 
        "tid": "14386979", 
        "price": "120836000", 
        "type": "buy", 
        "amount": "0.00542492"
    }, 
    {
        "date": "1579354782", 
        "tid": "14386978", 
        "price": "120835000", 
        "type": "buy", 
        "amount": "0.06720623"
    }, 
    {
        "date": "1579354769", 
        "tid": "14386977", 
        "price": "120835000", 
        "type": "buy", 
        "amount": "0.01485179"
    }, 
    {
        "date": "1579354747", 
        "tid": "14386976", 
        "price": "120835000", 
        "type": "buy", 
        "amount": "0.01410920"
    }, 
    {
        "date": "1579354684", 
        "tid": "14386975", 
        "price": "120835000", 
        "type": "buy", 
        "amount": "0.00064263"
    }, 
    {
        "date": "1579354575", 
        "tid": "14386974", 
        "price": "120835000", 
        "type": "buy", 
        "amount": "0.03408475"
    }, 
    {
        "date": "1579354566", 
        "tid": "14386973", 
        "price": "120835000", 
        "type": "buy", 
        "amount": "0.01649361"
    }, 
    {
        "date": "1579354555", 
        "tid": "14386972", 
        "price": "120835000", 
        "type": "buy", 
        "amount": "0.00884047"
    }, 
    {
        "date": "1579354543", 
        "tid": "14386971", 
        "price": "120786000", 
        "type": "sell", 
        "amount": "0.01154203"
    }, 
    {
        "date": "1579354543", 
        "tid": "14386970", 
        "price": "120789000", 
        "type": "sell", 
        "amount": "0.00854381"
    }, 
    {
        "date": "1579354543", 
        "tid": "14386969", 
        "price": "120791000", 
        "type": "sell", 
        "amount": "0.00549452"
    }, 
    {
        "date": "1579354543", 
        "tid": "14386968", 
        "price": "120792000", 
        "type": "sell", 
        "amount": "0.00422652"
    }, 
    {
        "date": "1579354543", 
        "tid": "14386967", 
        "price": "120793000", 
        "type": "sell", 
        "amount": "0.00295854"
    }, 
    {
        "date": "1579354543", 
        "tid": "14386966", 
        "price": "120794000", 
        "type": "sell", 
        "amount": "0.00169058"
    }, 
    {
        "date": "1579354499", 
        "tid": "14386965", 
        "price": "120794000", 
        "type": "sell", 
        "amount": "0.00041760"
    }, 
    {
        "date": "1579354490", 
        "tid": "14386964", 
        "price": "120835000", 
        "type": "buy", 
        "amount": "0.00042080"
    }, 
    {
        "date": "1579354461", 
        "tid": "14386963", 
        "price": "120835000", 
        "type": "buy", 
        "amount": "0.00042080"
    }, 
    {
        "date": "1579354401", 
        "tid": "14386962", 
        "price": "120835000", 
        "type": "buy", 
        "amount": "0.00057515"
    }, 
    {
        "date": "1579354367", 
        "tid": "14386961", 
        "price": "120834000", 
        "type": "sell", 
        "amount": "1.59864173"
    }, 
    {
        "date": "1579354350", 
        "tid": "14386960", 
        "price": "120834000", 
        "type": "sell", 
        "amount": "0.00041950"
    }, 
    {
        "date": "1579354329", 
        "tid": "14386959", 
        "price": "120835000", 
        "type": "sell", 
        "amount": "0.00057861"
    }, 
    {
        "date": "1579354314", 
        "tid": "14386958", 
        "price": "120836000", 
        "type": "buy", 
        "amount": "0.00055288"
    }, 
    {
        "date": "1579354302", 
        "tid": "14386957", 
        "price": "120836000", 
        "type": "buy", 
        "amount": "0.00412546"
    }, 
    {
        "date": "1579354290", 
        "tid": "14386956", 
        "price": "120836000", 
        "type": "buy", 
        "amount": "0.00043274"
    }, 
    {
        "date": "1579354285", 
        "tid": "14386955", 
        "price": "120834000", 
        "type": "buy", 
        "amount": "0.02040392"
    }, 
    {
        "date": "1579354285", 
        "tid": "14386954", 
        "price": "120786000", 
        "type": "buy", 
        "amount": "0.00000125"
    }, 
    {
        "date": "1579354283", 
        "tid": "14386953", 
        "price": "120786000", 
        "type": "buy", 
        "amount": "0.00041593"
    }, 
    {
        "date": "1579354182", 
        "tid": "14386952", 
        "price": "120830000", 
        "type": "buy", 
        "amount": "0.03386414"
    }, 
    {
        "date": "1579354182", 
        "tid": "14386951", 
        "price": "120829000", 
        "type": "buy", 
        "amount": "0.00077960"
    }, 
    {
        "date": "1579354182", 
        "tid": "14386950", 
        "price": "120820000", 
        "type": "buy", 
        "amount": "0.00418245"
    }, 
    {
        "date": "1579354182", 
        "tid": "14386949", 
        "price": "120806000", 
        "type": "buy", 
        "amount": "0.00244108"
    }, 
    {
        "date": "1579354182", 
        "tid": "14386948", 
        "price": "120801000", 
        "type": "buy", 
        "amount": "0.00074470"
    }, 
    {
        "date": "1579354182", 
        "tid": "14386947", 
        "price": "120800000", 
        "type": "buy", 
        "amount": "0.00648736"
    }, 
    {
        "date": "1579354182", 
        "tid": "14386946", 
        "price": "120799000", 
        "type": "buy", 
        "amount": "0.00418452"
    }, 
    {
        "date": "1579354182", 
        "tid": "14386945", 
        "price": "120775000", 
        "type": "buy", 
        "amount": "0.01746296"
    }, 
    {
        "date": "1579354174", 
        "tid": "14386944", 
        "price": "120775000", 
        "type": "buy", 
        "amount": "0.00058812"
    }, 
    {
        "date": "1579354134", 
        "tid": "14386943", 
        "price": "120774000", 
        "type": "sell", 
        "amount": "0.04140615"
    }, 
    {
        "date": "1579354039", 
        "tid": "14386942", 
        "price": "120755000", 
        "type": "buy", 
        "amount": "0.04529079"
    }, 
    {
        "date": "1579354004", 
        "tid": "14386941", 
        "price": "120750000", 
        "type": "buy", 
        "amount": "0.02368081"
    }, 
    {
        "date": "1579353979", 
        "tid": "14386940", 
        "price": "120750000", 
        "type": "buy", 
        "amount": "0.00181058"
    }, 
    {
        "date": "1579353950", 
        "tid": "14386939", 
        "price": "120745000", 
        "type": "sell", 
        "amount": "0.00523988"
    }, 
    {
        "date": "1579353936", 
        "tid": "14386938", 
        "price": "120744000", 
        "type": "buy", 
        "amount": "0.00315402"
    }, 
    {
        "date": "1579353922", 
        "tid": "14386937", 
        "price": "120744000", 
        "type": "buy", 
        "amount": "0.00178355"
    }, 
    {
        "date": "1579353904", 
        "tid": "14386936", 
        "price": "120744000", 
        "type": "buy", 
        "amount": "0.00108048"
    }, 
    {
        "date": "1579353904", 
        "tid": "14386935", 
        "price": "120714000", 
        "type": "buy", 
        "amount": "0.00293740"
    }, 
    {
        "date": "1579353904", 
        "tid": "14386934", 
        "price": "120711000", 
        "type": "buy", 
        "amount": "0.01703203"
    }, 
    {
        "date": "1579353904", 
        "tid": "14386933", 
        "price": "120702000", 
        "type": "buy", 
        "amount": "0.00171384"
    }, 
    {
        "date": "1579353855", 
        "tid": "14386932", 
        "price": "120695000", 
        "type": "sell", 
        "amount": "0.01800000"
    }, 
    {
        "date": "1579353852", 
        "tid": "14386931", 
        "price": "120695000", 
        "type": "buy", 
        "amount": "0.87190000"
    }, 
    {
        "date": "1579353852", 
        "tid": "14386930", 
        "price": "120683000", 
        "type": "buy", 
        "amount": "0.00244108"
    }, 
    {
        "date": "1579353852", 
        "tid": "14386929", 
        "price": "120668000", 
        "type": "buy", 
        "amount": "0.01570000"
    }, 
    {
        "date": "1579353852", 
        "tid": "14386928", 
        "price": "120659000", 
        "type": "buy", 
        "amount": "0.00077960"
    }, 
    {
        "date": "1579353852", 
        "tid": "14386927", 
        "price": "120653000", 
        "type": "buy", 
        "amount": "0.00244108"
    }, 
    {
        "date": "1579353852", 
        "tid": "14386926", 
        "price": "120647000", 
        "type": "buy", 
        "amount": "0.04144356"
    }, 
    {
        "date": "1579353852", 
        "tid": "14386925", 
        "price": "120645000", 
        "type": "buy", 
        "amount": "0.00305009"
    }
]