[
    {
        "date": "1579278728", 
        "tid": "14383719", 
        "price": "120161000", 
        "type": "buy", 
        "amount": "0.00082972"
    }, 
    {
        "date": "1579278678", 
        "tid": "14383718", 
        "price": "120105000", 
        "type": "sell", 
        "amount": "0.00367982"
    }, 
    {
        "date": "1579278631", 
        "tid": "14383717", 
        "price": "120163000", 
        "type": "buy", 
        "amount": "0.00221534"
    }, 
    {
        "date": "1579278619", 
        "tid": "14383716", 
        "price": "120160000", 
        "type": "buy", 
        "amount": "0.23336902"
    }, 
    {
        "date": "1579278610", 
        "tid": "14383715", 
        "price": "120104000", 
        "type": "sell", 
        "amount": "0.00063479"
    }, 
    {
        "date": "1579278565", 
        "tid": "14383714", 
        "price": "120160000", 
        "type": "buy", 
        "amount": "0.00435003"
    }, 
    {
        "date": "1579278564", 
        "tid": "14383713", 
        "price": "120160000", 
        "type": "buy", 
        "amount": "0.00304502"
    }, 
    {
        "date": "1579278564", 
        "tid": "14383712", 
        "price": "120160000", 
        "type": "buy", 
        "amount": "0.00174001"
    }, 
    {
        "date": "1579278559", 
        "tid": "14383711", 
        "price": "120160000", 
        "type": "buy", 
        "amount": "0.00841464"
    }, 
    {
        "date": "1579278558", 
        "tid": "14383710", 
        "price": "120162000", 
        "type": "sell", 
        "amount": "0.00369704"
    }, 
    {
        "date": "1579278554", 
        "tid": "14383709", 
        "price": "120162000", 
        "type": "sell", 
        "amount": "0.00091920"
    }, 
    {
        "date": "1579278530", 
        "tid": "14383708", 
        "price": "120162000", 
        "type": "sell", 
        "amount": "0.00616481"
    }, 
    {
        "date": "1579278437", 
        "tid": "14383707", 
        "price": "120163000", 
        "type": "buy", 
        "amount": "0.01290470"
    }, 
    {
        "date": "1579278406", 
        "tid": "14383706", 
        "price": "120163000", 
        "type": "buy", 
        "amount": "0.01070741"
    }, 
    {
        "date": "1579278385", 
        "tid": "14383705", 
        "price": "120162000", 
        "type": "sell", 
        "amount": "0.00119899"
    }, 
    {
        "date": "1579278346", 
        "tid": "14383704", 
        "price": "120162000", 
        "type": "sell", 
        "amount": "0.08008108"
    }, 
    {
        "date": "1579278346", 
        "tid": "14383703", 
        "price": "120162000", 
        "type": "sell", 
        "amount": "0.00085464"
    }, 
    {
        "date": "1579278286", 
        "tid": "14383702", 
        "price": "120163000", 
        "type": "buy", 
        "amount": "0.00271377"
    }, 
    {
        "date": "1579278251", 
        "tid": "14383701", 
        "price": "120163000", 
        "type": "buy", 
        "amount": "0.00193323"
    }, 
    {
        "date": "1579278241", 
        "tid": "14383700", 
        "price": "120163000", 
        "type": "sell", 
        "amount": "0.13381844"
    }, 
    {
        "date": "1579278237", 
        "tid": "14383699", 
        "price": "120164000", 
        "type": "buy", 
        "amount": "0.00082970"
    }, 
    {
        "date": "1579278215", 
        "tid": "14383698", 
        "price": "120164000", 
        "type": "buy", 
        "amount": "0.00414853"
    }, 
    {
        "date": "1579278158", 
        "tid": "14383697", 
        "price": "120164000", 
        "type": "buy", 
        "amount": "0.01244560"
    }, 
    {
        "date": "1579278153", 
        "tid": "14383696", 
        "price": "120044000", 
        "type": "sell", 
        "amount": "0.00794418"
    }, 
    {
        "date": "1579278134", 
        "tid": "14383695", 
        "price": "120041000", 
        "type": "sell", 
        "amount": "0.03787500"
    }, 
    {
        "date": "1579278055", 
        "tid": "14383694", 
        "price": "120142000", 
        "type": "buy", 
        "amount": "0.13687733"
    }, 
    {
        "date": "1579278055", 
        "tid": "14383693", 
        "price": "120130000", 
        "type": "buy", 
        "amount": "0.00191709"
    }, 
    {
        "date": "1579278055", 
        "tid": "14383692", 
        "price": "120106000", 
        "type": "buy", 
        "amount": "0.01704763"
    }, 
    {
        "date": "1579278055", 
        "tid": "14383691", 
        "price": "120100000", 
        "type": "buy", 
        "amount": "0.00400000"
    }, 
    {
        "date": "1579278055", 
        "tid": "14383690", 
        "price": "120094000", 
        "type": "buy", 
        "amount": "0.00074470"
    }, 
    {
        "date": "1579278055", 
        "tid": "14383689", 
        "price": "120032000", 
        "type": "buy", 
        "amount": "0.00539754"
    }, 
    {
        "date": "1579277936", 
        "tid": "14383688", 
        "price": "120005000", 
        "type": "buy", 
        "amount": "0.08347106"
    }, 
    {
        "date": "1579277936", 
        "tid": "14383687", 
        "price": "120000000", 
        "type": "buy", 
        "amount": "0.01483045"
    }, 
    {
        "date": "1579277890", 
        "tid": "14383686", 
        "price": "120000000", 
        "type": "buy", 
        "amount": "0.02223841"
    }, 
    {
        "date": "1579277888", 
        "tid": "14383685", 
        "price": "119999000", 
        "type": "sell", 
        "amount": "0.00097042"
    }, 
    {
        "date": "1579277844", 
        "tid": "14383684", 
        "price": "120000000", 
        "type": "buy", 
        "amount": "0.69447543"
    }, 
    {
        "date": "1579277799", 
        "tid": "14383683", 
        "price": "119999000", 
        "type": "sell", 
        "amount": "0.00617606"
    }, 
    {
        "date": "1579277742", 
        "tid": "14383682", 
        "price": "120000000", 
        "type": "buy", 
        "amount": "0.00174209"
    }, 
    {
        "date": "1579277708", 
        "tid": "14383681", 
        "price": "120000000", 
        "type": "buy", 
        "amount": "0.00048437"
    }, 
    {
        "date": "1579277700", 
        "tid": "14383680", 
        "price": "119999000", 
        "type": "sell", 
        "amount": "0.01747202"
    }, 
    {
        "date": "1579277461", 
        "tid": "14383679", 
        "price": "120000000", 
        "type": "buy", 
        "amount": "0.00042373"
    }, 
    {
        "date": "1579277275", 
        "tid": "14383678", 
        "price": "120000000", 
        "type": "buy", 
        "amount": "0.01255377"
    }, 
    {
        "date": "1579277267", 
        "tid": "14383677", 
        "price": "120000000", 
        "type": "buy", 
        "amount": "0.01514271"
    }, 
    {
        "date": "1579277267", 
        "tid": "14383676", 
        "price": "119999000", 
        "type": "sell", 
        "amount": "0.08327977"
    }, 
    {
        "date": "1579277187", 
        "tid": "14383675", 
        "price": "119999000", 
        "type": "sell", 
        "amount": "0.00042000"
    }, 
    {
        "date": "1579277172", 
        "tid": "14383674", 
        "price": "120000000", 
        "type": "buy", 
        "amount": "0.00747839"
    }, 
    {
        "date": "1579277122", 
        "tid": "14383673", 
        "price": "119999000", 
        "type": "sell", 
        "amount": "0.01290663"
    }, 
    {
        "date": "1579277114", 
        "tid": "14383672", 
        "price": "119999000", 
        "type": "sell", 
        "amount": "0.00774137"
    }, 
    {
        "date": "1579277085", 
        "tid": "14383671", 
        "price": "120000000", 
        "type": "buy", 
        "amount": "0.08308410"
    }, 
    {
        "date": "1579277050", 
        "tid": "14383670", 
        "price": "119999000", 
        "type": "sell", 
        "amount": "0.01287247"
    }, 
    {
        "date": "1579277040", 
        "tid": "14383669", 
        "price": "119999000", 
        "type": "sell", 
        "amount": "0.01403390"
    }, 
    {
        "date": "1579277029", 
        "tid": "14383668", 
        "price": "119998000", 
        "type": "buy", 
        "amount": "0.00499174"
    }, 
    {
        "date": "1579277029", 
        "tid": "14383667", 
        "price": "119997000", 
        "type": "buy", 
        "amount": "0.00218176"
    }, 
    {
        "date": "1579277029", 
        "tid": "14383666", 
        "price": "119996000", 
        "type": "buy", 
        "amount": "0.00152725"
    }, 
    {
        "date": "1579277029", 
        "tid": "14383665", 
        "price": "119995000", 
        "type": "buy", 
        "amount": "0.00087272"
    }, 
    {
        "date": "1579277029", 
        "tid": "14383664", 
        "price": "119870000", 
        "type": "buy", 
        "amount": "0.00014150"
    }, 
    {
        "date": "1579277022", 
        "tid": "14383663", 
        "price": "119871000", 
        "type": "sell", 
        "amount": "0.00042545"
    }, 
    {
        "date": "1579277018", 
        "tid": "14383662", 
        "price": "119857000", 
        "type": "sell", 
        "amount": "0.01343951"
    }, 
    {
        "date": "1579277018", 
        "tid": "14383661", 
        "price": "119860000", 
        "type": "sell", 
        "amount": "0.00083430"
    }, 
    {
        "date": "1579277018", 
        "tid": "14383660", 
        "price": "119870000", 
        "type": "sell", 
        "amount": "0.00083423"
    }, 
    {
        "date": "1579277008", 
        "tid": "14383659", 
        "price": "120000000", 
        "type": "buy", 
        "amount": "0.00003271"
    }, 
    {
        "date": "1579277008", 
        "tid": "14383658", 
        "price": "119999000", 
        "type": "buy", 
        "amount": "0.00453697"
    }, 
    {
        "date": "1579277001", 
        "tid": "14383657", 
        "price": "119871000", 
        "type": "sell", 
        "amount": "0.00503562"
    }, 
    {
        "date": "1579276960", 
        "tid": "14383656", 
        "price": "119999000", 
        "type": "buy", 
        "amount": "0.00704104"
    }, 
    {
        "date": "1579276919", 
        "tid": "14383655", 
        "price": "119854000", 
        "type": "sell", 
        "amount": "0.00196931"
    }, 
    {
        "date": "1579276919", 
        "tid": "14383654", 
        "price": "119855000", 
        "type": "sell", 
        "amount": "0.00174967"
    }, 
    {
        "date": "1579276895", 
        "tid": "14383653", 
        "price": "119855000", 
        "type": "sell", 
        "amount": "0.00983263"
    }, 
    {
        "date": "1579276827", 
        "tid": "14383652", 
        "price": "119853000", 
        "type": "sell", 
        "amount": "0.00480838"
    }, 
    {
        "date": "1579276774", 
        "tid": "14383651", 
        "price": "119995000", 
        "type": "buy", 
        "amount": "0.00045973"
    }, 
    {
        "date": "1579276727", 
        "tid": "14383650", 
        "price": "119980000", 
        "type": "sell", 
        "amount": "0.00364742"
    }, 
    {
        "date": "1579276696", 
        "tid": "14383649", 
        "price": "119980000", 
        "type": "sell", 
        "amount": "0.07399238"
    }, 
    {
        "date": "1579276696", 
        "tid": "14383648", 
        "price": "119998000", 
        "type": "sell", 
        "amount": "0.21700152"
    }, 
    {
        "date": "1579276655", 
        "tid": "14383647", 
        "price": "120000000", 
        "type": "buy", 
        "amount": "0.00971016"
    }, 
    {
        "date": "1579276655", 
        "tid": "14383646", 
        "price": "119999000", 
        "type": "buy", 
        "amount": "0.04720288"
    }, 
    {
        "date": "1579276618", 
        "tid": "14383645", 
        "price": "119999000", 
        "type": "buy", 
        "amount": "0.00042373"
    }, 
    {
        "date": "1579276615", 
        "tid": "14383644", 
        "price": "119999000", 
        "type": "buy", 
        "amount": "0.00052027"
    }, 
    {
        "date": "1579276610", 
        "tid": "14383643", 
        "price": "119999000", 
        "type": "buy", 
        "amount": "0.00042373"
    }, 
    {
        "date": "1579276588", 
        "tid": "14383642", 
        "price": "119999000", 
        "type": "buy", 
        "amount": "0.00625920"
    }, 
    {
        "date": "1579276520", 
        "tid": "14383641", 
        "price": "119999000", 
        "type": "buy", 
        "amount": "0.00876087"
    }, 
    {
        "date": "1579276427", 
        "tid": "14383640", 
        "price": "119999000", 
        "type": "buy", 
        "amount": "0.00042373"
    }, 
    {
        "date": "1579276403", 
        "tid": "14383639", 
        "price": "119999000", 
        "type": "buy", 
        "amount": "0.00332339"
    }, 
    {
        "date": "1579276304", 
        "tid": "14383638", 
        "price": "119999000", 
        "type": "buy", 
        "amount": "0.01200120"
    }, 
    {
        "date": "1579276293", 
        "tid": "14383637", 
        "price": "119999000", 
        "type": "buy", 
        "amount": "0.01134201"
    }, 
    {
        "date": "1579276293", 
        "tid": "14383636", 
        "price": "119991000", 
        "type": "buy", 
        "amount": "0.00141181"
    }, 
    {
        "date": "1579276293", 
        "tid": "14383635", 
        "price": "119990000", 
        "type": "buy", 
        "amount": "0.00204086"
    }, 
    {
        "date": "1579276260", 
        "tid": "14383634", 
        "price": "119988000", 
        "type": "buy", 
        "amount": "0.07008172"
    }, 
    {
        "date": "1579276260", 
        "tid": "14383633", 
        "price": "119987000", 
        "type": "buy", 
        "amount": "0.00544269"
    }, 
    {
        "date": "1579276260", 
        "tid": "14383632", 
        "price": "119986000", 
        "type": "buy", 
        "amount": "0.00448787"
    }, 
    {
        "date": "1579276260", 
        "tid": "14383631", 
        "price": "119985000", 
        "type": "buy", 
        "amount": "0.16155201"
    }, 
    {
        "date": "1579276260", 
        "tid": "14383630", 
        "price": "119984000", 
        "type": "buy", 
        "amount": "0.00315106"
    }, 
    {
        "date": "1579276260", 
        "tid": "14383629", 
        "price": "119983000", 
        "type": "buy", 
        "amount": "0.00921257"
    }, 
    {
        "date": "1579276241", 
        "tid": "14383628", 
        "price": "119983000", 
        "type": "buy", 
        "amount": "0.00425106"
    }, 
    {
        "date": "1579276241", 
        "tid": "14383627", 
        "price": "119952000", 
        "type": "buy", 
        "amount": "0.01039560"
    }, 
    {
        "date": "1579276239", 
        "tid": "14383626", 
        "price": "119942000", 
        "type": "buy", 
        "amount": "0.00470502"
    }, 
    {
        "date": "1579276226", 
        "tid": "14383625", 
        "price": "119837000", 
        "type": "sell", 
        "amount": "0.00941700"
    }, 
    {
        "date": "1579276214", 
        "tid": "14383624", 
        "price": "119833000", 
        "type": "sell", 
        "amount": "0.13270748"
    }, 
    {
        "date": "1579276088", 
        "tid": "14383623", 
        "price": "119819000", 
        "type": "sell", 
        "amount": "0.02949555"
    }, 
    {
        "date": "1579276062", 
        "tid": "14383622", 
        "price": "119818000", 
        "type": "sell", 
        "amount": "0.00492030"
    }, 
    {
        "date": "1579276051", 
        "tid": "14383621", 
        "price": "119816000", 
        "type": "sell", 
        "amount": "0.00424402"
    }, 
    {
        "date": "1579276050", 
        "tid": "14383620", 
        "price": "119952000", 
        "type": "buy", 
        "amount": "0.01415837"
    }, 
    {
        "date": "1579276046", 
        "tid": "14383619", 
        "price": "119815000", 
        "type": "sell", 
        "amount": "0.09812037"
    }, 
    {
        "date": "1579276037", 
        "tid": "14383618", 
        "price": "119813000", 
        "type": "buy", 
        "amount": "0.04173204"
    }, 
    {
        "date": "1579276027", 
        "tid": "14383617", 
        "price": "119812000", 
        "type": "sell", 
        "amount": "0.00188307"
    }, 
    {
        "date": "1579276025", 
        "tid": "14383616", 
        "price": "119812000", 
        "type": "sell", 
        "amount": "0.00761396"
    }, 
    {
        "date": "1579276006", 
        "tid": "14383615", 
        "price": "119809000", 
        "type": "sell", 
        "amount": "0.00761396"
    }, 
    {
        "date": "1579276004", 
        "tid": "14383614", 
        "price": "119952000", 
        "type": "buy", 
        "amount": "0.00415587"
    }, 
    {
        "date": "1579276001", 
        "tid": "14383613", 
        "price": "119952000", 
        "type": "buy", 
        "amount": "0.00424402"
    }, 
    {
        "date": "1579275954", 
        "tid": "14383612", 
        "price": "119955000", 
        "type": "buy", 
        "amount": "0.00042389"
    }, 
    {
        "date": "1579275954", 
        "tid": "14383611", 
        "price": "119955000", 
        "type": "buy", 
        "amount": "0.14068322"
    }, 
    {
        "date": "1579275954", 
        "tid": "14383610", 
        "price": "119941000", 
        "type": "buy", 
        "amount": "0.00061279"
    }, 
    {
        "date": "1579275932", 
        "tid": "14383609", 
        "price": "119941000", 
        "type": "buy", 
        "amount": "0.00050921"
    }, 
    {
        "date": "1579275932", 
        "tid": "14383608", 
        "price": "119921000", 
        "type": "buy", 
        "amount": "0.00076830"
    }, 
    {
        "date": "1579275932", 
        "tid": "14383607", 
        "price": "119905000", 
        "type": "buy", 
        "amount": "0.00342751"
    }, 
    {
        "date": "1579275908", 
        "tid": "14383606", 
        "price": "119752000", 
        "type": "sell", 
        "amount": "0.00453265"
    }, 
    {
        "date": "1579275908", 
        "tid": "14383605", 
        "price": "119755000", 
        "type": "sell", 
        "amount": "0.00250511"
    }, 
    {
        "date": "1579275890", 
        "tid": "14383604", 
        "price": "119763000", 
        "type": "sell", 
        "amount": "0.01139976"
    }, 
    {
        "date": "1579275890", 
        "tid": "14383603", 
        "price": "119815000", 
        "type": "sell", 
        "amount": "0.00205409"
    }, 
    {
        "date": "1579275878", 
        "tid": "14383602", 
        "price": "119815000", 
        "type": "sell", 
        "amount": "0.00003246"
    }, 
    {
        "date": "1579275878", 
        "tid": "14383601", 
        "price": "119832000", 
        "type": "sell", 
        "amount": "0.01083517"
    }, 
    {
        "date": "1579275873", 
        "tid": "14383600", 
        "price": "119905000", 
        "type": "buy", 
        "amount": "0.04657249"
    }, 
    {
        "date": "1579275873", 
        "tid": "14383599", 
        "price": "119901000", 
        "type": "buy", 
        "amount": "0.00044034"
    }, 
    {
        "date": "1579275873", 
        "tid": "14383598", 
        "price": "119900000", 
        "type": "buy", 
        "amount": "0.00603272"
    }, 
    {
        "date": "1579275873", 
        "tid": "14383597", 
        "price": "119890000", 
        "type": "buy", 
        "amount": "0.00520983"
    }, 
    {
        "date": "1579275873", 
        "tid": "14383596", 
        "price": "119862000", 
        "type": "buy", 
        "amount": "0.21759854"
    }, 
    {
        "date": "1579275873", 
        "tid": "14383595", 
        "price": "119861000", 
        "type": "buy", 
        "amount": "0.09687451"
    }, 
    {
        "date": "1579275873", 
        "tid": "14383594", 
        "price": "119858000", 
        "type": "buy", 
        "amount": "0.00074470"
    }, 
    {
        "date": "1579275873", 
        "tid": "14383593", 
        "price": "119840000", 
        "type": "buy", 
        "amount": "0.00081681"
    }, 
    {
        "date": "1579275873", 
        "tid": "14383592", 
        "price": "119832000", 
        "type": "buy", 
        "amount": "0.01249340"
    }, 
    {
        "date": "1579275861", 
        "tid": "14383591", 
        "price": "119832000", 
        "type": "buy", 
        "amount": "0.00672338"
    }, 
    {
        "date": "1579275861", 
        "tid": "14383590", 
        "price": "119815000", 
        "type": "buy", 
        "amount": "0.00301518"
    }, 
    {
        "date": "1579275854", 
        "tid": "14383589", 
        "price": "119759000", 
        "type": "sell", 
        "amount": "0.00700000"
    }, 
    {
        "date": "1579275793", 
        "tid": "14383588", 
        "price": "119815000", 
        "type": "buy", 
        "amount": "0.00208031"
    }, 
    {
        "date": "1579275792", 
        "tid": "14383587", 
        "price": "119747000", 
        "type": "sell", 
        "amount": "0.01565786"
    }, 
    {
        "date": "1579275792", 
        "tid": "14383586", 
        "price": "119747000", 
        "type": "sell", 
        "amount": "0.01444036"
    }, 
    {
        "date": "1579275773", 
        "tid": "14383585", 
        "price": "119744000", 
        "type": "sell", 
        "amount": "0.01565838"
    }, 
    {
        "date": "1579275753", 
        "tid": "14383584", 
        "price": "119741000", 
        "type": "sell", 
        "amount": "0.00782984"
    }, 
    {
        "date": "1579275747", 
        "tid": "14383583", 
        "price": "119832000", 
        "type": "buy", 
        "amount": "0.00082951"
    }, 
    {
        "date": "1579275737", 
        "tid": "14383582", 
        "price": "119739000", 
        "type": "sell", 
        "amount": "0.00782984"
    }, 
    {
        "date": "1579275722", 
        "tid": "14383581", 
        "price": "119736000", 
        "type": "sell", 
        "amount": "0.00782984"
    }, 
    {
        "date": "1579275713", 
        "tid": "14383580", 
        "price": "119735000", 
        "type": "sell", 
        "amount": "0.00782984"
    }, 
    {
        "date": "1579275709", 
        "tid": "14383579", 
        "price": "119832000", 
        "type": "buy", 
        "amount": "0.00042432"
    }, 
    {
        "date": "1579275696", 
        "tid": "14383578", 
        "price": "119732000", 
        "type": "sell", 
        "amount": "0.00140320"
    }, 
    {
        "date": "1579275695", 
        "tid": "14383577", 
        "price": "119731000", 
        "type": "sell", 
        "amount": "0.00783004"
    }, 
    {
        "date": "1579275687", 
        "tid": "14383576", 
        "price": "119729000", 
        "type": "sell", 
        "amount": "0.00783017"
    }, 
    {
        "date": "1579275678", 
        "tid": "14383575", 
        "price": "119832000", 
        "type": "buy", 
        "amount": "0.00829112"
    }, 
    {
        "date": "1579275674", 
        "tid": "14383574", 
        "price": "119832000", 
        "type": "buy", 
        "amount": "0.00052407"
    }, 
    {
        "date": "1579275665", 
        "tid": "14383573", 
        "price": "119725000", 
        "type": "sell", 
        "amount": "0.00783030"
    }, 
    {
        "date": "1579275652", 
        "tid": "14383572", 
        "price": "119723000", 
        "type": "sell", 
        "amount": "0.00783076"
    }, 
    {
        "date": "1579275625", 
        "tid": "14383571", 
        "price": "119719000", 
        "type": "sell", 
        "amount": "0.00050000"
    }, 
    {
        "date": "1579275607", 
        "tid": "14383570", 
        "price": "119718000", 
        "type": "sell", 
        "amount": "0.00783082"
    }
]