[
    {
        "date": "1579343891", 
        "tid": "14386466", 
        "price": "120436000", 
        "type": "buy", 
        "amount": "0.00071236"
    }, 
    {
        "date": "1579343891", 
        "tid": "14386465", 
        "price": "120428000", 
        "type": "buy", 
        "amount": "0.00049632"
    }, 
    {
        "date": "1579343733", 
        "tid": "14386464", 
        "price": "120218000", 
        "type": "sell", 
        "amount": "0.00028148"
    }, 
    {
        "date": "1579343733", 
        "tid": "14386463", 
        "price": "120410000", 
        "type": "sell", 
        "amount": "0.00047349"
    }, 
    {
        "date": "1579343701", 
        "tid": "14386462", 
        "price": "120410000", 
        "type": "buy", 
        "amount": "0.00022408"
    }, 
    {
        "date": "1579343666", 
        "tid": "14386461", 
        "price": "120410000", 
        "type": "buy", 
        "amount": "0.00073127"
    }, 
    {
        "date": "1579343666", 
        "tid": "14386460", 
        "price": "120407000", 
        "type": "buy", 
        "amount": "0.00963041"
    }, 
    {
        "date": "1579343666", 
        "tid": "14386459", 
        "price": "120398000", 
        "type": "buy", 
        "amount": "0.00082247"
    }, 
    {
        "date": "1579343666", 
        "tid": "14386458", 
        "price": "120392000", 
        "type": "buy", 
        "amount": "0.00112200"
    }, 
    {
        "date": "1579343666", 
        "tid": "14386457", 
        "price": "120384000", 
        "type": "buy", 
        "amount": "0.00053671"
    }, 
    {
        "date": "1579343666", 
        "tid": "14386456", 
        "price": "120370000", 
        "type": "buy", 
        "amount": "0.00256592"
    }, 
    {
        "date": "1579343666", 
        "tid": "14386455", 
        "price": "120353000", 
        "type": "buy", 
        "amount": "0.00115351"
    }, 
    {
        "date": "1579343648", 
        "tid": "14386454", 
        "price": "120351000", 
        "type": "buy", 
        "amount": "0.00021467"
    }, 
    {
        "date": "1579343648", 
        "tid": "14386453", 
        "price": "120351000", 
        "type": "buy", 
        "amount": "0.00042249"
    }, 
    {
        "date": "1579343606", 
        "tid": "14386452", 
        "price": "120218000", 
        "type": "sell", 
        "amount": "0.01000000"
    }, 
    {
        "date": "1579343514", 
        "tid": "14386451", 
        "price": "120351000", 
        "type": "buy", 
        "amount": "0.00004174"
    }, 
    {
        "date": "1579343514", 
        "tid": "14386450", 
        "price": "120330000", 
        "type": "buy", 
        "amount": "0.00074470"
    }, 
    {
        "date": "1579343514", 
        "tid": "14386449", 
        "price": "120310000", 
        "type": "buy", 
        "amount": "0.00014790"
    }, 
    {
        "date": "1579343514", 
        "tid": "14386448", 
        "price": "120300000", 
        "type": "buy", 
        "amount": "0.00138095"
    }, 
    {
        "date": "1579343475", 
        "tid": "14386447", 
        "price": "120300000", 
        "type": "buy", 
        "amount": "0.00162438"
    }, 
    {
        "date": "1579343472", 
        "tid": "14386446", 
        "price": "120300000", 
        "type": "buy", 
        "amount": "1.10012520"
    }, 
    {
        "date": "1579343472", 
        "tid": "14386445", 
        "price": "120277000", 
        "type": "buy", 
        "amount": "0.00508709"
    }, 
    {
        "date": "1579343472", 
        "tid": "14386444", 
        "price": "120267000", 
        "type": "buy", 
        "amount": "0.00044034"
    }, 
    {
        "date": "1579343472", 
        "tid": "14386443", 
        "price": "120250000", 
        "type": "buy", 
        "amount": "0.00622493"
    }, 
    {
        "date": "1579343462", 
        "tid": "14386442", 
        "price": "120200000", 
        "type": "sell", 
        "amount": "0.00059368"
    }, 
    {
        "date": "1579343452", 
        "tid": "14386441", 
        "price": "120240000", 
        "type": "buy", 
        "amount": "0.47979592"
    }, 
    {
        "date": "1579343452", 
        "tid": "14386440", 
        "price": "120201000", 
        "type": "buy", 
        "amount": "0.02820976"
    }, 
    {
        "date": "1579343452", 
        "tid": "14386439", 
        "price": "120201000", 
        "type": "buy", 
        "amount": "0.00042302"
    }, 
    {
        "date": "1579343425", 
        "tid": "14386438", 
        "price": "120201000", 
        "type": "buy", 
        "amount": "0.01521612"
    }, 
    {
        "date": "1579343419", 
        "tid": "14386437", 
        "price": "120200000", 
        "type": "buy", 
        "amount": "0.57705637"
    }, 
    {
        "date": "1579343415", 
        "tid": "14386436", 
        "price": "120200000", 
        "type": "buy", 
        "amount": "0.00145564"
    }, 
    {
        "date": "1579343414", 
        "tid": "14386435", 
        "price": "120200000", 
        "type": "buy", 
        "amount": "0.00364961"
    }, 
    {
        "date": "1579343411", 
        "tid": "14386434", 
        "price": "120200000", 
        "type": "buy", 
        "amount": "0.00364961"
    }, 
    {
        "date": "1579343403", 
        "tid": "14386433", 
        "price": "120199000", 
        "type": "buy", 
        "amount": "0.29035686"
    }, 
    {
        "date": "1579343230", 
        "tid": "14386432", 
        "price": "120193000", 
        "type": "sell", 
        "amount": "0.00500000"
    }, 
    {
        "date": "1579343217", 
        "tid": "14386431", 
        "price": "120193000", 
        "type": "sell", 
        "amount": "0.05427508"
    }, 
    {
        "date": "1579343186", 
        "tid": "14386430", 
        "price": "120193000", 
        "type": "sell", 
        "amount": "0.00107744"
    }, 
    {
        "date": "1579343127", 
        "tid": "14386429", 
        "price": "120199000", 
        "type": "buy", 
        "amount": "0.00165893"
    }, 
    {
        "date": "1579343023", 
        "tid": "14386428", 
        "price": "120199000", 
        "type": "buy", 
        "amount": "0.10548457"
    }, 
    {
        "date": "1579343004", 
        "tid": "14386427", 
        "price": "120199000", 
        "type": "buy", 
        "amount": "0.00182482"
    }, 
    {
        "date": "1579342911", 
        "tid": "14386426", 
        "price": "120199000", 
        "type": "buy", 
        "amount": "0.00042303"
    }, 
    {
        "date": "1579342832", 
        "tid": "14386425", 
        "price": "120199000", 
        "type": "buy", 
        "amount": "0.00124367"
    }, 
    {
        "date": "1579342832", 
        "tid": "14386424", 
        "price": "120196000", 
        "type": "buy", 
        "amount": "0.00034893"
    }, 
    {
        "date": "1579342815", 
        "tid": "14386423", 
        "price": "120193000", 
        "type": "sell", 
        "amount": "0.01239280"
    }, 
    {
        "date": "1579342815", 
        "tid": "14386422", 
        "price": "120194000", 
        "type": "sell", 
        "amount": "0.00327803"
    }, 
    {
        "date": "1579342815", 
        "tid": "14386421", 
        "price": "120195000", 
        "type": "sell", 
        "amount": "0.00223199"
    }, 
    {
        "date": "1579342797", 
        "tid": "14386420", 
        "price": "120196000", 
        "type": "buy", 
        "amount": "0.00715188"
    }, 
    {
        "date": "1579342687", 
        "tid": "14386419", 
        "price": "120195000", 
        "type": "buy", 
        "amount": "0.00026317"
    }, 
    {
        "date": "1579342661", 
        "tid": "14386418", 
        "price": "120195000", 
        "type": "sell", 
        "amount": "0.00026097"
    }, 
    {
        "date": "1579342620", 
        "tid": "14386417", 
        "price": "120195000", 
        "type": "sell", 
        "amount": "0.00022990"
    }, 
    {
        "date": "1579342620", 
        "tid": "14386416", 
        "price": "120198000", 
        "type": "sell", 
        "amount": "0.00042400"
    }, 
    {
        "date": "1579342491", 
        "tid": "14386415", 
        "price": "120199000", 
        "type": "buy", 
        "amount": "0.00078563"
    }, 
    {
        "date": "1579342401", 
        "tid": "14386414", 
        "price": "120199000", 
        "type": "buy", 
        "amount": "0.00121095"
    }, 
    {
        "date": "1579342290", 
        "tid": "14386413", 
        "price": "120198000", 
        "type": "sell", 
        "amount": "1.90405841"
    }, 
    {
        "date": "1579342134", 
        "tid": "14386412", 
        "price": "120198000", 
        "type": "sell", 
        "amount": "0.00053917"
    }, 
    {
        "date": "1579342122", 
        "tid": "14386411", 
        "price": "120199000", 
        "type": "sell", 
        "amount": "0.09184660"
    }, 
    {
        "date": "1579342081", 
        "tid": "14386410", 
        "price": "120200000", 
        "type": "buy", 
        "amount": "0.00124871"
    }, 
    {
        "date": "1579342001", 
        "tid": "14386409", 
        "price": "120200000", 
        "type": "buy", 
        "amount": "0.00661907"
    }, 
    {
        "date": "1579341991", 
        "tid": "14386408", 
        "price": "120200000", 
        "type": "buy", 
        "amount": "0.00077856"
    }, 
    {
        "date": "1579341986", 
        "tid": "14386407", 
        "price": "120200000", 
        "type": "buy", 
        "amount": "0.00760812"
    }, 
    {
        "date": "1579341978", 
        "tid": "14386406", 
        "price": "120199000", 
        "type": "sell", 
        "amount": "0.00498692"
    }, 
    {
        "date": "1579341960", 
        "tid": "14386405", 
        "price": "120200000", 
        "type": "buy", 
        "amount": "0.00760812"
    }, 
    {
        "date": "1579341936", 
        "tid": "14386404", 
        "price": "120199000", 
        "type": "sell", 
        "amount": "0.02950000"
    }, 
    {
        "date": "1579341931", 
        "tid": "14386403", 
        "price": "120199000", 
        "type": "sell", 
        "amount": "0.00167986"
    }, 
    {
        "date": "1579341917", 
        "tid": "14386402", 
        "price": "120199000", 
        "type": "sell", 
        "amount": "0.01000000"
    }, 
    {
        "date": "1579341870", 
        "tid": "14386401", 
        "price": "120199000", 
        "type": "sell", 
        "amount": "0.01129331"
    }, 
    {
        "date": "1579341429", 
        "tid": "14386400", 
        "price": "120200000", 
        "type": "buy", 
        "amount": "0.04458339"
    }, 
    {
        "date": "1579341407", 
        "tid": "14386399", 
        "price": "120200000", 
        "type": "buy", 
        "amount": "0.09538772"
    }, 
    {
        "date": "1579341374", 
        "tid": "14386398", 
        "price": "120199000", 
        "type": "sell", 
        "amount": "0.00588541"
    }, 
    {
        "date": "1579341331", 
        "tid": "14386397", 
        "price": "120199000", 
        "type": "sell", 
        "amount": "0.24000000"
    }, 
    {
        "date": "1579341328", 
        "tid": "14386396", 
        "price": "120199000", 
        "type": "sell", 
        "amount": "0.01450410"
    }, 
    {
        "date": "1579341327", 
        "tid": "14386395", 
        "price": "120200000", 
        "type": "buy", 
        "amount": "0.00760812"
    }, 
    {
        "date": "1579341313", 
        "tid": "14386394", 
        "price": "120200000", 
        "type": "buy", 
        "amount": "0.00760812"
    }, 
    {
        "date": "1579341275", 
        "tid": "14386393", 
        "price": "120199000", 
        "type": "sell", 
        "amount": "0.00239477"
    }, 
    {
        "date": "1579341275", 
        "tid": "14386392", 
        "price": "120199000", 
        "type": "sell", 
        "amount": "0.00383871"
    }, 
    {
        "date": "1579341271", 
        "tid": "14386391", 
        "price": "120199000", 
        "type": "sell", 
        "amount": "0.01499999"
    }, 
    {
        "date": "1579341269", 
        "tid": "14386390", 
        "price": "120200000", 
        "type": "buy", 
        "amount": "0.00760812"
    }, 
    {
        "date": "1579341254", 
        "tid": "14386389", 
        "price": "120200000", 
        "type": "buy", 
        "amount": "0.00760812"
    }, 
    {
        "date": "1579341234", 
        "tid": "14386388", 
        "price": "120200000", 
        "type": "buy", 
        "amount": "0.00760812"
    }, 
    {
        "date": "1579341217", 
        "tid": "14386387", 
        "price": "120200000", 
        "type": "buy", 
        "amount": "0.00760812"
    }, 
    {
        "date": "1579341208", 
        "tid": "14386386", 
        "price": "120200000", 
        "type": "buy", 
        "amount": "0.00760812"
    }, 
    {
        "date": "1579341186", 
        "tid": "14386385", 
        "price": "120199000", 
        "type": "sell", 
        "amount": "0.00121823"
    }, 
    {
        "date": "1579341116", 
        "tid": "14386384", 
        "price": "120200000", 
        "type": "buy", 
        "amount": "0.00792121"
    }, 
    {
        "date": "1579341073", 
        "tid": "14386383", 
        "price": "120200000", 
        "type": "buy", 
        "amount": "0.00082651"
    }, 
    {
        "date": "1579341052", 
        "tid": "14386382", 
        "price": "120200000", 
        "type": "buy", 
        "amount": "0.00042302"
    }, 
    {
        "date": "1579341041", 
        "tid": "14386381", 
        "price": "120200000", 
        "type": "buy", 
        "amount": "0.00124027"
    }, 
    {
        "date": "1579340904", 
        "tid": "14386380", 
        "price": "120199000", 
        "type": "buy", 
        "amount": "0.01394797"
    }, 
    {
        "date": "1579340886", 
        "tid": "14386379", 
        "price": "120199000", 
        "type": "buy", 
        "amount": "0.08300691"
    }, 
    {
        "date": "1579340886", 
        "tid": "14386378", 
        "price": "120196000", 
        "type": "buy", 
        "amount": "0.08179851"
    }, 
    {
        "date": "1579340886", 
        "tid": "14386377", 
        "price": "120195000", 
        "type": "buy", 
        "amount": "0.00087524"
    }, 
    {
        "date": "1579340886", 
        "tid": "14386376", 
        "price": "120194000", 
        "type": "buy", 
        "amount": "0.07871610"
    }, 
    {
        "date": "1579340809", 
        "tid": "14386375", 
        "price": "120102000", 
        "type": "sell", 
        "amount": "0.01051388"
    }, 
    {
        "date": "1579340758", 
        "tid": "14386374", 
        "price": "120196000", 
        "type": "buy", 
        "amount": "0.02293694"
    }, 
    {
        "date": "1579340758", 
        "tid": "14386373", 
        "price": "120195000", 
        "type": "buy", 
        "amount": "0.01524907"
    }, 
    {
        "date": "1579340758", 
        "tid": "14386372", 
        "price": "120194000", 
        "type": "buy", 
        "amount": "0.01505286"
    }, 
    {
        "date": "1579340758", 
        "tid": "14386371", 
        "price": "120156000", 
        "type": "buy", 
        "amount": "0.00561054"
    }, 
    {
        "date": "1579340737", 
        "tid": "14386370", 
        "price": "120156000", 
        "type": "buy", 
        "amount": "0.00517450"
    }, 
    {
        "date": "1579340717", 
        "tid": "14386369", 
        "price": "120156000", 
        "type": "buy", 
        "amount": "0.00417019"
    }, 
    {
        "date": "1579340717", 
        "tid": "14386368", 
        "price": "120103000", 
        "type": "buy", 
        "amount": "0.00344224"
    }, 
    {
        "date": "1579340704", 
        "tid": "14386367", 
        "price": "120102000", 
        "type": "sell", 
        "amount": "0.05500000"
    }, 
    {
        "date": "1579340623", 
        "tid": "14386366", 
        "price": "120103000", 
        "type": "sell", 
        "amount": "0.10638789"
    }, 
    {
        "date": "1579340623", 
        "tid": "14386365", 
        "price": "120142000", 
        "type": "sell", 
        "amount": "0.00049632"
    }, 
    {
        "date": "1579340623", 
        "tid": "14386364", 
        "price": "120145000", 
        "type": "sell", 
        "amount": "0.00074433"
    }, 
    {
        "date": "1579340623", 
        "tid": "14386363", 
        "price": "120155000", 
        "type": "sell", 
        "amount": "0.00166451"
    }, 
    {
        "date": "1579340599", 
        "tid": "14386362", 
        "price": "120194000", 
        "type": "buy", 
        "amount": "0.00320525"
    }, 
    {
        "date": "1579340599", 
        "tid": "14386361", 
        "price": "120191000", 
        "type": "buy", 
        "amount": "0.00047152"
    }, 
    {
        "date": "1579340523", 
        "tid": "14386360", 
        "price": "120156000", 
        "type": "sell", 
        "amount": "0.00053296"
    }, 
    {
        "date": "1579340447", 
        "tid": "14386359", 
        "price": "120194000", 
        "type": "buy", 
        "amount": "0.12442497"
    }, 
    {
        "date": "1579340426", 
        "tid": "14386358", 
        "price": "120156000", 
        "type": "sell", 
        "amount": "0.00645909"
    }, 
    {
        "date": "1579340363", 
        "tid": "14386357", 
        "price": "120195000", 
        "type": "buy", 
        "amount": "0.00217926"
    }, 
    {
        "date": "1579340328", 
        "tid": "14386356", 
        "price": "120195000", 
        "type": "buy", 
        "amount": "0.00050658"
    }, 
    {
        "date": "1579340276", 
        "tid": "14386355", 
        "price": "120195000", 
        "type": "buy", 
        "amount": "0.01658985"
    }, 
    {
        "date": "1579340224", 
        "tid": "14386354", 
        "price": "120195000", 
        "type": "buy", 
        "amount": "0.00088783"
    }, 
    {
        "date": "1579340208", 
        "tid": "14386353", 
        "price": "120195000", 
        "type": "buy", 
        "amount": "0.00826620"
    }, 
    {
        "date": "1579340043", 
        "tid": "14386352", 
        "price": "120198000", 
        "type": "sell", 
        "amount": "0.00184195"
    }, 
    {
        "date": "1579339966", 
        "tid": "14386351", 
        "price": "120199000", 
        "type": "sell", 
        "amount": "0.00087521"
    }, 
    {
        "date": "1579339963", 
        "tid": "14386350", 
        "price": "120199000", 
        "type": "sell", 
        "amount": "0.00218802"
    }, 
    {
        "date": "1579339962", 
        "tid": "14386349", 
        "price": "120198000", 
        "type": "sell", 
        "amount": "0.00153162"
    }, 
    {
        "date": "1579339962", 
        "tid": "14386348", 
        "price": "120198000", 
        "type": "sell", 
        "amount": "0.00087522"
    }, 
    {
        "date": "1579339961", 
        "tid": "14386347", 
        "price": "120198000", 
        "type": "buy", 
        "amount": "0.00456043"
    }, 
    {
        "date": "1579339844", 
        "tid": "14386346", 
        "price": "120198000", 
        "type": "buy", 
        "amount": "0.00033873"
    }, 
    {
        "date": "1579339844", 
        "tid": "14386345", 
        "price": "120197000", 
        "type": "buy", 
        "amount": "0.00008431"
    }, 
    {
        "date": "1579339841", 
        "tid": "14386344", 
        "price": "120197000", 
        "type": "buy", 
        "amount": "0.00144733"
    }, 
    {
        "date": "1579339841", 
        "tid": "14386343", 
        "price": "120196000", 
        "type": "buy", 
        "amount": "0.00087523"
    }, 
    {
        "date": "1579339838", 
        "tid": "14386342", 
        "price": "120201000", 
        "type": "buy", 
        "amount": "0.00144728"
    }, 
    {
        "date": "1579339838", 
        "tid": "14386341", 
        "price": "120200000", 
        "type": "buy", 
        "amount": "0.00087520"
    }, 
    {
        "date": "1579339824", 
        "tid": "14386340", 
        "price": "120148000", 
        "type": "sell", 
        "amount": "0.00341016"
    }, 
    {
        "date": "1579339824", 
        "tid": "14386339", 
        "price": "120199000", 
        "type": "sell", 
        "amount": "0.00082339"
    }, 
    {
        "date": "1579339696", 
        "tid": "14386338", 
        "price": "120201000", 
        "type": "buy", 
        "amount": "0.00034303"
    }, 
    {
        "date": "1579339696", 
        "tid": "14386337", 
        "price": "120200000", 
        "type": "buy", 
        "amount": "0.00087520"
    }, 
    {
        "date": "1579339689", 
        "tid": "14386336", 
        "price": "120196000", 
        "type": "sell", 
        "amount": "0.00113425"
    }, 
    {
        "date": "1579339689", 
        "tid": "14386335", 
        "price": "120197000", 
        "type": "sell", 
        "amount": "0.00544412"
    }, 
    {
        "date": "1579339689", 
        "tid": "14386334", 
        "price": "120198000", 
        "type": "sell", 
        "amount": "0.00418775"
    }, 
    {
        "date": "1579339689", 
        "tid": "14386333", 
        "price": "120199000", 
        "type": "sell", 
        "amount": "0.00293140"
    }, 
    {
        "date": "1579339689", 
        "tid": "14386332", 
        "price": "120200000", 
        "type": "sell", 
        "amount": "0.73194045"
    }, 
    {
        "date": "1579339625", 
        "tid": "14386331", 
        "price": "120200000", 
        "type": "sell", 
        "amount": "0.00093690"
    }, 
    {
        "date": "1579339572", 
        "tid": "14386330", 
        "price": "120201000", 
        "type": "buy", 
        "amount": "0.02479661"
    }, 
    {
        "date": "1579339379", 
        "tid": "14386329", 
        "price": "120200000", 
        "type": "sell", 
        "amount": "0.03897791"
    }, 
    {
        "date": "1579339340", 
        "tid": "14386328", 
        "price": "120240000", 
        "type": "buy", 
        "amount": "0.00098009"
    }, 
    {
        "date": "1579339288", 
        "tid": "14386327", 
        "price": "120200000", 
        "type": "sell", 
        "amount": "0.12333826"
    }, 
    {
        "date": "1579339284", 
        "tid": "14386326", 
        "price": "120240000", 
        "type": "buy", 
        "amount": "0.00616053"
    }, 
    {
        "date": "1579339243", 
        "tid": "14386325", 
        "price": "120240000", 
        "type": "buy", 
        "amount": "0.00532391"
    }, 
    {
        "date": "1579339227", 
        "tid": "14386324", 
        "price": "120240000", 
        "type": "buy", 
        "amount": "0.00849005"
    }, 
    {
        "date": "1579339227", 
        "tid": "14386323", 
        "price": "120217000", 
        "type": "buy", 
        "amount": "0.03000000"
    }, 
    {
        "date": "1579339212", 
        "tid": "14386322", 
        "price": "120197000", 
        "type": "buy", 
        "amount": "0.03867655"
    }, 
    {
        "date": "1579339166", 
        "tid": "14386321", 
        "price": "120197000", 
        "type": "buy", 
        "amount": "0.00495911"
    }, 
    {
        "date": "1579339054", 
        "tid": "14386320", 
        "price": "120196000", 
        "type": "buy", 
        "amount": "0.00049727"
    }, 
    {
        "date": "1579339053", 
        "tid": "14386319", 
        "price": "120196000", 
        "type": "buy", 
        "amount": "0.00049846"
    }, 
    {
        "date": "1579339034", 
        "tid": "14386318", 
        "price": "120006000", 
        "type": "sell", 
        "amount": "0.00050000"
    }, 
    {
        "date": "1579338961", 
        "tid": "14386317", 
        "price": "120196000", 
        "type": "buy", 
        "amount": "0.00762991"
    }
]