[
    {
        "date": "1579275290", 
        "tid": "14383528", 
        "price": "119668000", 
        "type": "buy", 
        "amount": "0.00859719"
    }, 
    {
        "date": "1579275268", 
        "tid": "14383527", 
        "price": "119668000", 
        "type": "buy", 
        "amount": "0.00859719"
    }, 
    {
        "date": "1579275261", 
        "tid": "14383526", 
        "price": "119668000", 
        "type": "buy", 
        "amount": "0.06954810"
    }, 
    {
        "date": "1579275259", 
        "tid": "14383525", 
        "price": "119668000", 
        "type": "buy", 
        "amount": "0.00859719"
    }, 
    {
        "date": "1579275245", 
        "tid": "14383524", 
        "price": "119668000", 
        "type": "buy", 
        "amount": "0.00859719"
    }, 
    {
        "date": "1579275223", 
        "tid": "14383523", 
        "price": "119668000", 
        "type": "buy", 
        "amount": "0.00823612"
    }, 
    {
        "date": "1579275223", 
        "tid": "14383522", 
        "price": "119622000", 
        "type": "buy", 
        "amount": "0.00036122"
    }, 
    {
        "date": "1579275218", 
        "tid": "14383521", 
        "price": "119599000", 
        "type": "sell", 
        "amount": "0.00837230"
    }, 
    {
        "date": "1579275215", 
        "tid": "14383520", 
        "price": "119622000", 
        "type": "buy", 
        "amount": "0.00038348"
    }, 
    {
        "date": "1579275215", 
        "tid": "14383519", 
        "price": "119601000", 
        "type": "buy", 
        "amount": "0.00193069"
    }, 
    {
        "date": "1579275215", 
        "tid": "14383518", 
        "price": "119600000", 
        "type": "buy", 
        "amount": "0.00628784"
    }, 
    {
        "date": "1579275214", 
        "tid": "14383517", 
        "price": "119600000", 
        "type": "buy", 
        "amount": "0.00208405"
    }, 
    {
        "date": "1579275207", 
        "tid": "14383516", 
        "price": "119600000", 
        "type": "buy", 
        "amount": "0.00860208"
    }, 
    {
        "date": "1579275200", 
        "tid": "14383515", 
        "price": "119600000", 
        "type": "buy", 
        "amount": "0.02000687"
    }, 
    {
        "date": "1579275199", 
        "tid": "14383514", 
        "price": "119599000", 
        "type": "sell", 
        "amount": "0.00084050"
    }, 
    {
        "date": "1579275199", 
        "tid": "14383513", 
        "price": "119600000", 
        "type": "buy", 
        "amount": "0.00087007"
    }, 
    {
        "date": "1579275126", 
        "tid": "14383512", 
        "price": "119600000", 
        "type": "buy", 
        "amount": "0.00772940"
    }, 
    {
        "date": "1579275109", 
        "tid": "14383511", 
        "price": "119524000", 
        "type": "sell", 
        "amount": "0.18168316"
    }, 
    {
        "date": "1579275074", 
        "tid": "14383510", 
        "price": "119503000", 
        "type": "sell", 
        "amount": "0.00081535"
    }, 
    {
        "date": "1579275067", 
        "tid": "14383509", 
        "price": "119600000", 
        "type": "buy", 
        "amount": "0.07333530"
    }, 
    {
        "date": "1579275067", 
        "tid": "14383508", 
        "price": "119599000", 
        "type": "buy", 
        "amount": "0.03719726"
    }, 
    {
        "date": "1579275067", 
        "tid": "14383507", 
        "price": "119555000", 
        "type": "buy", 
        "amount": "0.00073543"
    }, 
    {
        "date": "1579275067", 
        "tid": "14383506", 
        "price": "119522000", 
        "type": "buy", 
        "amount": "0.06074910"
    }, 
    {
        "date": "1579275067", 
        "tid": "14383505", 
        "price": "119521000", 
        "type": "buy", 
        "amount": "0.01216740"
    }, 
    {
        "date": "1579274958", 
        "tid": "14383504", 
        "price": "119500000", 
        "type": "buy", 
        "amount": "0.01473116"
    }, 
    {
        "date": "1579274889", 
        "tid": "14383503", 
        "price": "119492000", 
        "type": "sell", 
        "amount": "0.01587443"
    }, 
    {
        "date": "1579274874", 
        "tid": "14383502", 
        "price": "119500000", 
        "type": "buy", 
        "amount": "0.00128756"
    }, 
    {
        "date": "1579274697", 
        "tid": "14383501", 
        "price": "119522000", 
        "type": "buy", 
        "amount": "0.00415653"
    }, 
    {
        "date": "1579274697", 
        "tid": "14383500", 
        "price": "119522000", 
        "type": "buy", 
        "amount": "0.04170817"
    }, 
    {
        "date": "1579274679", 
        "tid": "14383499", 
        "price": "119522000", 
        "type": "buy", 
        "amount": "0.00244989"
    }, 
    {
        "date": "1579274679", 
        "tid": "14383498", 
        "price": "119522000", 
        "type": "buy", 
        "amount": "0.00136458"
    }, 
    {
        "date": "1579274679", 
        "tid": "14383497", 
        "price": "119521000", 
        "type": "buy", 
        "amount": "0.00111009"
    }, 
    {
        "date": "1579274678", 
        "tid": "14383496", 
        "price": "119521000", 
        "type": "buy", 
        "amount": "0.00249946"
    }, 
    {
        "date": "1579274677", 
        "tid": "14383495", 
        "price": "119521000", 
        "type": "buy", 
        "amount": "0.00252423"
    }, 
    {
        "date": "1579274677", 
        "tid": "14383494", 
        "price": "119521000", 
        "type": "buy", 
        "amount": "0.00242763"
    }, 
    {
        "date": "1579274666", 
        "tid": "14383493", 
        "price": "119521000", 
        "type": "buy", 
        "amount": "0.00243415"
    }, 
    {
        "date": "1579274661", 
        "tid": "14383492", 
        "price": "119521000", 
        "type": "buy", 
        "amount": "0.00243415"
    }, 
    {
        "date": "1579274655", 
        "tid": "14383491", 
        "price": "119521000", 
        "type": "buy", 
        "amount": "0.00243414"
    }, 
    {
        "date": "1579274655", 
        "tid": "14383490", 
        "price": "119521000", 
        "type": "buy", 
        "amount": "0.00062960"
    }, 
    {
        "date": "1579274649", 
        "tid": "14383489", 
        "price": "119521000", 
        "type": "buy", 
        "amount": "0.00243414"
    }, 
    {
        "date": "1579274644", 
        "tid": "14383488", 
        "price": "119521000", 
        "type": "buy", 
        "amount": "0.00243430"
    }, 
    {
        "date": "1579274639", 
        "tid": "14383487", 
        "price": "119521000", 
        "type": "buy", 
        "amount": "0.00243135"
    }, 
    {
        "date": "1579274633", 
        "tid": "14383486", 
        "price": "119521000", 
        "type": "buy", 
        "amount": "0.00249015"
    }, 
    {
        "date": "1579274598", 
        "tid": "14383485", 
        "price": "119521000", 
        "type": "sell", 
        "amount": "0.00994999"
    }, 
    {
        "date": "1579274589", 
        "tid": "14383484", 
        "price": "119521000", 
        "type": "sell", 
        "amount": "0.00043531"
    }, 
    {
        "date": "1579274572", 
        "tid": "14383483", 
        "price": "119521000", 
        "type": "sell", 
        "amount": "0.00544899"
    }, 
    {
        "date": "1579274520", 
        "tid": "14383482", 
        "price": "119521000", 
        "type": "sell", 
        "amount": "0.00427327"
    }, 
    {
        "date": "1579274482", 
        "tid": "14383481", 
        "price": "119521000", 
        "type": "sell", 
        "amount": "0.00177165"
    }, 
    {
        "date": "1579274292", 
        "tid": "14383480", 
        "price": "119521000", 
        "type": "sell", 
        "amount": "0.00045785"
    }, 
    {
        "date": "1579274229", 
        "tid": "14383479", 
        "price": "119522000", 
        "type": "buy", 
        "amount": "0.00196531"
    }, 
    {
        "date": "1579274198", 
        "tid": "14383478", 
        "price": "119522000", 
        "type": "buy", 
        "amount": "0.01188365"
    }, 
    {
        "date": "1579274179", 
        "tid": "14383477", 
        "price": "119522000", 
        "type": "buy", 
        "amount": "0.01067463"
    }, 
    {
        "date": "1579274045", 
        "tid": "14383476", 
        "price": "119468000", 
        "type": "sell", 
        "amount": "0.00085331"
    }, 
    {
        "date": "1579274006", 
        "tid": "14383475", 
        "price": "119521000", 
        "type": "buy", 
        "amount": "0.00075577"
    }, 
    {
        "date": "1579273969", 
        "tid": "14383474", 
        "price": "119599000", 
        "type": "buy", 
        "amount": "0.00271301"
    }, 
    {
        "date": "1579273969", 
        "tid": "14383473", 
        "price": "119522000", 
        "type": "buy", 
        "amount": "0.00619092"
    }, 
    {
        "date": "1579273969", 
        "tid": "14383472", 
        "price": "119521000", 
        "type": "buy", 
        "amount": "0.00027015"
    }, 
    {
        "date": "1579273965", 
        "tid": "14383471", 
        "price": "119521000", 
        "type": "sell", 
        "amount": "0.00228980"
    }, 
    {
        "date": "1579273846", 
        "tid": "14383470", 
        "price": "119599000", 
        "type": "buy", 
        "amount": "0.10744774"
    }, 
    {
        "date": "1579273846", 
        "tid": "14383469", 
        "price": "119596000", 
        "type": "buy", 
        "amount": "0.03279525"
    }, 
    {
        "date": "1579273793", 
        "tid": "14383468", 
        "price": "119596000", 
        "type": "buy", 
        "amount": "0.00901251"
    }, 
    {
        "date": "1579273793", 
        "tid": "14383467", 
        "price": "119591000", 
        "type": "buy", 
        "amount": "0.00244472"
    }, 
    {
        "date": "1579273793", 
        "tid": "14383466", 
        "price": "119570000", 
        "type": "buy", 
        "amount": "0.00840000"
    }, 
    {
        "date": "1579273793", 
        "tid": "14383465", 
        "price": "119560000", 
        "type": "buy", 
        "amount": "0.00640655"
    }, 
    {
        "date": "1579273743", 
        "tid": "14383464", 
        "price": "119521000", 
        "type": "buy", 
        "amount": "0.00081681"
    }, 
    {
        "date": "1579273646", 
        "tid": "14383463", 
        "price": "119467000", 
        "type": "buy", 
        "amount": "0.03926316"
    }, 
    {
        "date": "1579273627", 
        "tid": "14383462", 
        "price": "119466000", 
        "type": "buy", 
        "amount": "0.00011780"
    }, 
    {
        "date": "1579273588", 
        "tid": "14383461", 
        "price": "119466000", 
        "type": "buy", 
        "amount": "0.00567500"
    }, 
    {
        "date": "1579273512", 
        "tid": "14383460", 
        "price": "119299000", 
        "type": "sell", 
        "amount": "0.16628010"
    }, 
    {
        "date": "1579273512", 
        "tid": "14383459", 
        "price": "119300000", 
        "type": "sell", 
        "amount": "0.00433990"
    }, 
    {
        "date": "1579273478", 
        "tid": "14383458", 
        "price": "119300000", 
        "type": "sell", 
        "amount": "0.00539261"
    }, 
    {
        "date": "1579273478", 
        "tid": "14383457", 
        "price": "119304000", 
        "type": "sell", 
        "amount": "0.00450062"
    }, 
    {
        "date": "1579273410", 
        "tid": "14383456", 
        "price": "119304000", 
        "type": "sell", 
        "amount": "0.00225919"
    }, 
    {
        "date": "1579273356", 
        "tid": "14383455", 
        "price": "119370000", 
        "type": "buy", 
        "amount": "0.16729053"
    }, 
    {
        "date": "1579273356", 
        "tid": "14383454", 
        "price": "119369000", 
        "type": "buy", 
        "amount": "0.00091475"
    }, 
    {
        "date": "1579273286", 
        "tid": "14383453", 
        "price": "119299000", 
        "type": "sell", 
        "amount": "0.01939324"
    }, 
    {
        "date": "1579273286", 
        "tid": "14383452", 
        "price": "119300000", 
        "type": "sell", 
        "amount": "0.10500234"
    }, 
    {
        "date": "1579273286", 
        "tid": "14383451", 
        "price": "119300000", 
        "type": "sell", 
        "amount": "0.01418995"
    }, 
    {
        "date": "1579273286", 
        "tid": "14383450", 
        "price": "119304000", 
        "type": "sell", 
        "amount": "0.04611005"
    }, 
    {
        "date": "1579273285", 
        "tid": "14383449", 
        "price": "119304000", 
        "type": "sell", 
        "amount": "0.01250000"
    }, 
    {
        "date": "1579273273", 
        "tid": "14383448", 
        "price": "119304000", 
        "type": "sell", 
        "amount": "0.00217425"
    }, 
    {
        "date": "1579273273", 
        "tid": "14383447", 
        "price": "119304000", 
        "type": "sell", 
        "amount": "0.00859422"
    }, 
    {
        "date": "1579273264", 
        "tid": "14383446", 
        "price": "119305000", 
        "type": "buy", 
        "amount": "0.00835680"
    }, 
    {
        "date": "1579273226", 
        "tid": "14383445", 
        "price": "119304000", 
        "type": "sell", 
        "amount": "0.00799782"
    }, 
    {
        "date": "1579273200", 
        "tid": "14383444", 
        "price": "119304000", 
        "type": "sell", 
        "amount": "0.00784038"
    }, 
    {
        "date": "1579273198", 
        "tid": "14383443", 
        "price": "119334000", 
        "type": "buy", 
        "amount": "0.00875772"
    }, 
    {
        "date": "1579273129", 
        "tid": "14383442", 
        "price": "119572000", 
        "type": "buy", 
        "amount": "0.00632010"
    }, 
    {
        "date": "1579273126", 
        "tid": "14383441", 
        "price": "119304000", 
        "type": "sell", 
        "amount": "0.07078309"
    }, 
    {
        "date": "1579273126", 
        "tid": "14383440", 
        "price": "119317000", 
        "type": "sell", 
        "amount": "0.02822242"
    }, 
    {
        "date": "1579273126", 
        "tid": "14383439", 
        "price": "119329000", 
        "type": "sell", 
        "amount": "0.00076829"
    }, 
    {
        "date": "1579273126", 
        "tid": "14383438", 
        "price": "119344000", 
        "type": "sell", 
        "amount": "0.00100000"
    }, 
    {
        "date": "1579273126", 
        "tid": "14383437", 
        "price": "119361000", 
        "type": "sell", 
        "amount": "0.00081680"
    }, 
    {
        "date": "1579273126", 
        "tid": "14383436", 
        "price": "119367000", 
        "type": "sell", 
        "amount": "0.00042986"
    }, 
    {
        "date": "1579273126", 
        "tid": "14383435", 
        "price": "119370000", 
        "type": "sell", 
        "amount": "0.00220705"
    }, 
    {
        "date": "1579273126", 
        "tid": "14383434", 
        "price": "119377000", 
        "type": "sell", 
        "amount": "0.00501986"
    }, 
    {
        "date": "1579273126", 
        "tid": "14383433", 
        "price": "119387000", 
        "type": "sell", 
        "amount": "0.00318942"
    }, 
    {
        "date": "1579273126", 
        "tid": "14383432", 
        "price": "119394000", 
        "type": "sell", 
        "amount": "0.00067890"
    }, 
    {
        "date": "1579273126", 
        "tid": "14383431", 
        "price": "119400000", 
        "type": "sell", 
        "amount": "0.10929647"
    }, 
    {
        "date": "1579273126", 
        "tid": "14383430", 
        "price": "119413000", 
        "type": "sell", 
        "amount": "0.00520983"
    }, 
    {
        "date": "1579273126", 
        "tid": "14383429", 
        "price": "119450000", 
        "type": "sell", 
        "amount": "0.02037430"
    }, 
    {
        "date": "1579273126", 
        "tid": "14383428", 
        "price": "119452000", 
        "type": "sell", 
        "amount": "0.41858961"
    }, 
    {
        "date": "1579273126", 
        "tid": "14383427", 
        "price": "119456000", 
        "type": "sell", 
        "amount": "0.00209282"
    }, 
    {
        "date": "1579273126", 
        "tid": "14383426", 
        "price": "119459000", 
        "type": "sell", 
        "amount": "0.16742144"
    }, 
    {
        "date": "1579273126", 
        "tid": "14383425", 
        "price": "119460000", 
        "type": "sell", 
        "amount": "0.15748592"
    }, 
    {
        "date": "1579273126", 
        "tid": "14383424", 
        "price": "119572000", 
        "type": "sell", 
        "amount": "0.00641392"
    }, 
    {
        "date": "1579273086", 
        "tid": "14383423", 
        "price": "119572000", 
        "type": "sell", 
        "amount": "0.01444561"
    }, 
    {
        "date": "1579273055", 
        "tid": "14383422", 
        "price": "119572000", 
        "type": "sell", 
        "amount": "0.00133093"
    }, 
    {
        "date": "1579273037", 
        "tid": "14383421", 
        "price": "119572000", 
        "type": "sell", 
        "amount": "0.01126220"
    }, 
    {
        "date": "1579272943", 
        "tid": "14383420", 
        "price": "119460000", 
        "type": "sell", 
        "amount": "0.20000000"
    }, 
    {
        "date": "1579272901", 
        "tid": "14383419", 
        "price": "119466000", 
        "type": "sell", 
        "amount": "0.00300000"
    }, 
    {
        "date": "1579272891", 
        "tid": "14383418", 
        "price": "119573000", 
        "type": "buy", 
        "amount": "0.00122014"
    }, 
    {
        "date": "1579272883", 
        "tid": "14383417", 
        "price": "119573000", 
        "type": "buy", 
        "amount": "0.00451406"
    }, 
    {
        "date": "1579272883", 
        "tid": "14383416", 
        "price": "119466000", 
        "type": "buy", 
        "amount": "0.01217300"
    }, 
    {
        "date": "1579272871", 
        "tid": "14383415", 
        "price": "119573000", 
        "type": "buy", 
        "amount": "0.00833807"
    }, 
    {
        "date": "1579272744", 
        "tid": "14383414", 
        "price": "119460000", 
        "type": "sell", 
        "amount": "0.00083363"
    }, 
    {
        "date": "1579272676", 
        "tid": "14383413", 
        "price": "119460000", 
        "type": "sell", 
        "amount": "0.04580983"
    }, 
    {
        "date": "1579272676", 
        "tid": "14383412", 
        "price": "119465000", 
        "type": "sell", 
        "amount": "0.10109017"
    }, 
    {
        "date": "1579272625", 
        "tid": "14383411", 
        "price": "119465000", 
        "type": "sell", 
        "amount": "0.01445283"
    }, 
    {
        "date": "1579272592", 
        "tid": "14383410", 
        "price": "119595000", 
        "type": "buy", 
        "amount": "0.00426338"
    }, 
    {
        "date": "1579272477", 
        "tid": "14383409", 
        "price": "119595000", 
        "type": "buy", 
        "amount": "0.00416827"
    }, 
    {
        "date": "1579272465", 
        "tid": "14383408", 
        "price": "119595000", 
        "type": "buy", 
        "amount": "0.00541875"
    }, 
    {
        "date": "1579272414", 
        "tid": "14383407", 
        "price": "119465000", 
        "type": "sell", 
        "amount": "0.01423635"
    }, 
    {
        "date": "1579272387", 
        "tid": "14383406", 
        "price": "119465000", 
        "type": "sell", 
        "amount": "0.00672087"
    }, 
    {
        "date": "1579272322", 
        "tid": "14383405", 
        "price": "119460000", 
        "type": "sell", 
        "amount": "0.00700000"
    }, 
    {
        "date": "1579272297", 
        "tid": "14383404", 
        "price": "119460000", 
        "type": "sell", 
        "amount": "0.02041587"
    }, 
    {
        "date": "1579272297", 
        "tid": "14383403", 
        "price": "119462000", 
        "type": "sell", 
        "amount": "0.01180510"
    }, 
    {
        "date": "1579272254", 
        "tid": "14383402", 
        "price": "119599000", 
        "type": "buy", 
        "amount": "0.00078442"
    }, 
    {
        "date": "1579272237", 
        "tid": "14383401", 
        "price": "119599000", 
        "type": "buy", 
        "amount": "0.00328040"
    }, 
    {
        "date": "1579272237", 
        "tid": "14383400", 
        "price": "119503000", 
        "type": "buy", 
        "amount": "0.00095656"
    }, 
    {
        "date": "1579272237", 
        "tid": "14383399", 
        "price": "119500000", 
        "type": "buy", 
        "amount": "0.00827508"
    }, 
    {
        "date": "1579272215", 
        "tid": "14383398", 
        "price": "119462000", 
        "type": "sell", 
        "amount": "0.00485980"
    }, 
    {
        "date": "1579272180", 
        "tid": "14383397", 
        "price": "119462000", 
        "type": "sell", 
        "amount": "0.00850323"
    }, 
    {
        "date": "1579272180", 
        "tid": "14383396", 
        "price": "119463000", 
        "type": "sell", 
        "amount": "0.00171148"
    }, 
    {
        "date": "1579272162", 
        "tid": "14383395", 
        "price": "119463000", 
        "type": "sell", 
        "amount": "0.00087433"
    }, 
    {
        "date": "1579272158", 
        "tid": "14383394", 
        "price": "119463000", 
        "type": "buy", 
        "amount": "0.42070225"
    }, 
    {
        "date": "1579272122", 
        "tid": "14383393", 
        "price": "119462000", 
        "type": "sell", 
        "amount": "0.00100000"
    }, 
    {
        "date": "1579272116", 
        "tid": "14383392", 
        "price": "119463000", 
        "type": "buy", 
        "amount": "0.00059573"
    }, 
    {
        "date": "1579272111", 
        "tid": "14383391", 
        "price": "119462000", 
        "type": "sell", 
        "amount": "0.00615098"
    }, 
    {
        "date": "1579271991", 
        "tid": "14383390", 
        "price": "119463000", 
        "type": "buy", 
        "amount": "0.00208644"
    }, 
    {
        "date": "1579271960", 
        "tid": "14383389", 
        "price": "119463000", 
        "type": "buy", 
        "amount": "0.00083850"
    }, 
    {
        "date": "1579271922", 
        "tid": "14383388", 
        "price": "119463000", 
        "type": "buy", 
        "amount": "0.00112505"
    }, 
    {
        "date": "1579271876", 
        "tid": "14383387", 
        "price": "119462000", 
        "type": "sell", 
        "amount": "0.00116434"
    }, 
    {
        "date": "1579271773", 
        "tid": "14383386", 
        "price": "119463000", 
        "type": "buy", 
        "amount": "0.00164411"
    }, 
    {
        "date": "1579271749", 
        "tid": "14383385", 
        "price": "119463000", 
        "type": "buy", 
        "amount": "0.00065580"
    }, 
    {
        "date": "1579271746", 
        "tid": "14383384", 
        "price": "119463000", 
        "type": "buy", 
        "amount": "0.00065580"
    }, 
    {
        "date": "1579271742", 
        "tid": "14383383", 
        "price": "119463000", 
        "type": "buy", 
        "amount": "0.00065580"
    }, 
    {
        "date": "1579271726", 
        "tid": "14383382", 
        "price": "119463000", 
        "type": "buy", 
        "amount": "0.00088176"
    }, 
    {
        "date": "1579271711", 
        "tid": "14383381", 
        "price": "119463000", 
        "type": "buy", 
        "amount": "0.00083457"
    }, 
    {
        "date": "1579271700", 
        "tid": "14383380", 
        "price": "119463000", 
        "type": "sell", 
        "amount": "0.00231946"
    }, 
    {
        "date": "1579271681", 
        "tid": "14383379", 
        "price": "119500000", 
        "type": "buy", 
        "amount": "0.00864671"
    }
]