[
    {
        "date": "1579400203", 
        "tid": "14389315", 
        "price": "123500000", 
        "type": "buy", 
        "amount": "0.01522178"
    }, 
    {
        "date": "1579400195", 
        "tid": "14389314", 
        "price": "123500000", 
        "type": "buy", 
        "amount": "0.03353841"
    }, 
    {
        "date": "1579400176", 
        "tid": "14389313", 
        "price": "123500000", 
        "type": "buy", 
        "amount": "2.19235685"
    }, 
    {
        "date": "1579400158", 
        "tid": "14389312", 
        "price": "123500000", 
        "type": "buy", 
        "amount": "0.00165021"
    }, 
    {
        "date": "1579400102", 
        "tid": "14389311", 
        "price": "123500000", 
        "type": "buy", 
        "amount": "1.90141031"
    }, 
    {
        "date": "1579400102", 
        "tid": "14389310", 
        "price": "123499000", 
        "type": "buy", 
        "amount": "0.09859049"
    }, 
    {
        "date": "1579400102", 
        "tid": "14389309", 
        "price": "123499000", 
        "type": "buy", 
        "amount": "0.00722460"
    }, 
    {
        "date": "1579400097", 
        "tid": "14389308", 
        "price": "123499000", 
        "type": "buy", 
        "amount": "0.00229137"
    }, 
    {
        "date": "1579400096", 
        "tid": "14389307", 
        "price": "123452000", 
        "type": "sell", 
        "amount": "0.00193900"
    }, 
    {
        "date": "1579400093", 
        "tid": "14389306", 
        "price": "123499000", 
        "type": "buy", 
        "amount": "0.00066147"
    }, 
    {
        "date": "1579400093", 
        "tid": "14389305", 
        "price": "123469000", 
        "type": "buy", 
        "amount": "0.00540464"
    }, 
    {
        "date": "1579400085", 
        "tid": "14389304", 
        "price": "123469000", 
        "type": "buy", 
        "amount": "0.00718530"
    }, 
    {
        "date": "1579400067", 
        "tid": "14389303", 
        "price": "123469000", 
        "type": "buy", 
        "amount": "0.07400066"
    }, 
    {
        "date": "1579400055", 
        "tid": "14389302", 
        "price": "123451000", 
        "type": "buy", 
        "amount": "0.00061780"
    }, 
    {
        "date": "1579400052", 
        "tid": "14389301", 
        "price": "123469000", 
        "type": "buy", 
        "amount": "0.05551398"
    }, 
    {
        "date": "1579400051", 
        "tid": "14389300", 
        "price": "123469000", 
        "type": "buy", 
        "amount": "0.04090314"
    }, 
    {
        "date": "1579400040", 
        "tid": "14389299", 
        "price": "123498000", 
        "type": "sell", 
        "amount": "0.07867916"
    }, 
    {
        "date": "1579400033", 
        "tid": "14389298", 
        "price": "123499000", 
        "type": "buy", 
        "amount": "0.05619512"
    }, 
    {
        "date": "1579400030", 
        "tid": "14389297", 
        "price": "123499000", 
        "type": "buy", 
        "amount": "0.00598205"
    }, 
    {
        "date": "1579400025", 
        "tid": "14389296", 
        "price": "123499000", 
        "type": "buy", 
        "amount": "0.00718355"
    }, 
    {
        "date": "1579400021", 
        "tid": "14389295", 
        "price": "123499000", 
        "type": "buy", 
        "amount": "0.06389467"
    }, 
    {
        "date": "1579400018", 
        "tid": "14389294", 
        "price": "123499000", 
        "type": "buy", 
        "amount": "0.00815293"
    }, 
    {
        "date": "1579400018", 
        "tid": "14389293", 
        "price": "123469000", 
        "type": "buy", 
        "amount": "0.00631552"
    }, 
    {
        "date": "1579400010", 
        "tid": "14389292", 
        "price": "123469000", 
        "type": "buy", 
        "amount": "0.01468448"
    }, 
    {
        "date": "1579400010", 
        "tid": "14389291", 
        "price": "123451000", 
        "type": "buy", 
        "amount": "0.00130934"
    }, 
    {
        "date": "1579399985", 
        "tid": "14389290", 
        "price": "123499000", 
        "type": "buy", 
        "amount": "0.00403651"
    }, 
    {
        "date": "1579399982", 
        "tid": "14389289", 
        "price": "123499000", 
        "type": "buy", 
        "amount": "0.03646990"
    }, 
    {
        "date": "1579399977", 
        "tid": "14389288", 
        "price": "123450000", 
        "type": "sell", 
        "amount": "0.01998127"
    }, 
    {
        "date": "1579399975", 
        "tid": "14389287", 
        "price": "123499000", 
        "type": "buy", 
        "amount": "0.00226536"
    }, 
    {
        "date": "1579399975", 
        "tid": "14389286", 
        "price": "123469000", 
        "type": "buy", 
        "amount": "0.00390809"
    }, 
    {
        "date": "1579399975", 
        "tid": "14389285", 
        "price": "123451000", 
        "type": "buy", 
        "amount": "0.00081983"
    }, 
    {
        "date": "1579399967", 
        "tid": "14389284", 
        "price": "123469000", 
        "type": "buy", 
        "amount": "0.03236120"
    }, 
    {
        "date": "1579399959", 
        "tid": "14389283", 
        "price": "123469000", 
        "type": "buy", 
        "amount": "0.00456916"
    }, 
    {
        "date": "1579399951", 
        "tid": "14389282", 
        "price": "123469000", 
        "type": "buy", 
        "amount": "0.01172901"
    }, 
    {
        "date": "1579399951", 
        "tid": "14389281", 
        "price": "123468000", 
        "type": "buy", 
        "amount": "0.00047209"
    }, 
    {
        "date": "1579399948", 
        "tid": "14389280", 
        "price": "123468000", 
        "type": "buy", 
        "amount": "0.00080751"
    }, 
    {
        "date": "1579399926", 
        "tid": "14389279", 
        "price": "123410000", 
        "type": "buy", 
        "amount": "0.41403532"
    }, 
    {
        "date": "1579399916", 
        "tid": "14389278", 
        "price": "123410000", 
        "type": "buy", 
        "amount": "0.00508005"
    }, 
    {
        "date": "1579399906", 
        "tid": "14389277", 
        "price": "123410000", 
        "type": "buy", 
        "amount": "0.00158345"
    }, 
    {
        "date": "1579399900", 
        "tid": "14389276", 
        "price": "123410000", 
        "type": "buy", 
        "amount": "0.05585849"
    }, 
    {
        "date": "1579399886", 
        "tid": "14389275", 
        "price": "123410000", 
        "type": "buy", 
        "amount": "0.05982054"
    }, 
    {
        "date": "1579399883", 
        "tid": "14389274", 
        "price": "123410000", 
        "type": "buy", 
        "amount": "0.59022931"
    }, 
    {
        "date": "1579399856", 
        "tid": "14389273", 
        "price": "123410000", 
        "type": "sell", 
        "amount": "0.00508265"
    }, 
    {
        "date": "1579399803", 
        "tid": "14389272", 
        "price": "123410000", 
        "type": "buy", 
        "amount": "0.00239754"
    }, 
    {
        "date": "1579399768", 
        "tid": "14389271", 
        "price": "123408000", 
        "type": "buy", 
        "amount": "0.00718885"
    }, 
    {
        "date": "1579399763", 
        "tid": "14389270", 
        "price": "123408000", 
        "type": "buy", 
        "amount": "0.00041203"
    }, 
    {
        "date": "1579399754", 
        "tid": "14389269", 
        "price": "123408000", 
        "type": "buy", 
        "amount": "0.00718886"
    }, 
    {
        "date": "1579399734", 
        "tid": "14389268", 
        "price": "123408000", 
        "type": "buy", 
        "amount": "0.04039482"
    }, 
    {
        "date": "1579399729", 
        "tid": "14389267", 
        "price": "123408000", 
        "type": "buy", 
        "amount": "0.00718885"
    }, 
    {
        "date": "1579399719", 
        "tid": "14389266", 
        "price": "123408000", 
        "type": "buy", 
        "amount": "0.00718885"
    }, 
    {
        "date": "1579399711", 
        "tid": "14389265", 
        "price": "123408000", 
        "type": "buy", 
        "amount": "0.00718886"
    }, 
    {
        "date": "1579399703", 
        "tid": "14389264", 
        "price": "123408000", 
        "type": "buy", 
        "amount": "0.00718885"
    }, 
    {
        "date": "1579399689", 
        "tid": "14389263", 
        "price": "123351000", 
        "type": "buy", 
        "amount": "0.01066799"
    }, 
    {
        "date": "1579399686", 
        "tid": "14389262", 
        "price": "123351000", 
        "type": "sell", 
        "amount": "0.18396462"
    }, 
    {
        "date": "1579399679", 
        "tid": "14389261", 
        "price": "123410000", 
        "type": "buy", 
        "amount": "0.00131750"
    }, 
    {
        "date": "1579399679", 
        "tid": "14389260", 
        "price": "123383000", 
        "type": "buy", 
        "amount": "0.00174761"
    }, 
    {
        "date": "1579399679", 
        "tid": "14389259", 
        "price": "123381000", 
        "type": "buy", 
        "amount": "0.00412500"
    }, 
    {
        "date": "1579399677", 
        "tid": "14389258", 
        "price": "123309000", 
        "type": "buy", 
        "amount": "0.02420360"
    }, 
    {
        "date": "1579399677", 
        "tid": "14389257", 
        "price": "123305000", 
        "type": "buy", 
        "amount": "0.29788959"
    }, 
    {
        "date": "1579399664", 
        "tid": "14389256", 
        "price": "123305000", 
        "type": "buy", 
        "amount": "0.00719485"
    }, 
    {
        "date": "1579399654", 
        "tid": "14389255", 
        "price": "123305000", 
        "type": "buy", 
        "amount": "0.00719485"
    }, 
    {
        "date": "1579399643", 
        "tid": "14389254", 
        "price": "123305000", 
        "type": "buy", 
        "amount": "0.00191863"
    }, 
    {
        "date": "1579399639", 
        "tid": "14389253", 
        "price": "123305000", 
        "type": "buy", 
        "amount": "0.01214513"
    }, 
    {
        "date": "1579399618", 
        "tid": "14389252", 
        "price": "123305000", 
        "type": "buy", 
        "amount": "0.00719485"
    }, 
    {
        "date": "1579399605", 
        "tid": "14389251", 
        "price": "123304000", 
        "type": "sell", 
        "amount": "0.09143055"
    }, 
    {
        "date": "1579399598", 
        "tid": "14389250", 
        "price": "123305000", 
        "type": "buy", 
        "amount": "0.00719485"
    }, 
    {
        "date": "1579399590", 
        "tid": "14389249", 
        "price": "123305000", 
        "type": "buy", 
        "amount": "0.00719485"
    }, 
    {
        "date": "1579399587", 
        "tid": "14389248", 
        "price": "123305000", 
        "type": "buy", 
        "amount": "0.04042857"
    }, 
    {
        "date": "1579399584", 
        "tid": "14389247", 
        "price": "123305000", 
        "type": "buy", 
        "amount": "0.00240145"
    }, 
    {
        "date": "1579399561", 
        "tid": "14389246", 
        "price": "123382000", 
        "type": "buy", 
        "amount": "0.00719036"
    }, 
    {
        "date": "1579399560", 
        "tid": "14389245", 
        "price": "123382000", 
        "type": "sell", 
        "amount": "0.10917959"
    }, 
    {
        "date": "1579399518", 
        "tid": "14389244", 
        "price": "123421000", 
        "type": "sell", 
        "amount": "0.15559999"
    }, 
    {
        "date": "1579399518", 
        "tid": "14389243", 
        "price": "123468000", 
        "type": "sell", 
        "amount": "0.00515337"
    }, 
    {
        "date": "1579399506", 
        "tid": "14389242", 
        "price": "123468000", 
        "type": "sell", 
        "amount": "0.02368081"
    }, 
    {
        "date": "1579399501", 
        "tid": "14389241", 
        "price": "123468000", 
        "type": "sell", 
        "amount": "0.13598584"
    }, 
    {
        "date": "1579399378", 
        "tid": "14389240", 
        "price": "123469000", 
        "type": "buy", 
        "amount": "0.10830856"
    }, 
    {
        "date": "1579399368", 
        "tid": "14389239", 
        "price": "123469000", 
        "type": "buy", 
        "amount": "0.04406207"
    }, 
    {
        "date": "1579399335", 
        "tid": "14389238", 
        "price": "123500000", 
        "type": "buy", 
        "amount": "0.00814009"
    }, 
    {
        "date": "1579399330", 
        "tid": "14389237", 
        "price": "123500000", 
        "type": "buy", 
        "amount": "0.06524805"
    }, 
    {
        "date": "1579399330", 
        "tid": "14389236", 
        "price": "123499000", 
        "type": "buy", 
        "amount": "0.09170494"
    }, 
    {
        "date": "1579399330", 
        "tid": "14389235", 
        "price": "123490000", 
        "type": "buy", 
        "amount": "0.01017435"
    }, 
    {
        "date": "1579399330", 
        "tid": "14389234", 
        "price": "123489000", 
        "type": "buy", 
        "amount": "0.19194705"
    }, 
    {
        "date": "1579399330", 
        "tid": "14389233", 
        "price": "123469000", 
        "type": "buy", 
        "amount": "0.00274423"
    }, 
    {
        "date": "1579399274", 
        "tid": "14389232", 
        "price": "123489000", 
        "type": "buy", 
        "amount": "0.00615675"
    }, 
    {
        "date": "1579399263", 
        "tid": "14389231", 
        "price": "123468000", 
        "type": "sell", 
        "amount": "0.01002548"
    }, 
    {
        "date": "1579399235", 
        "tid": "14389230", 
        "price": "123468000", 
        "type": "sell", 
        "amount": "0.05000000"
    }, 
    {
        "date": "1579399231", 
        "tid": "14389229", 
        "price": "123468000", 
        "type": "buy", 
        "amount": "0.00077960"
    }, 
    {
        "date": "1579399231", 
        "tid": "14389228", 
        "price": "123382000", 
        "type": "buy", 
        "amount": "0.00077960"
    }, 
    {
        "date": "1579399231", 
        "tid": "14389227", 
        "price": "123298000", 
        "type": "buy", 
        "amount": "0.00011757"
    }, 
    {
        "date": "1579399228", 
        "tid": "14389226", 
        "price": "123251000", 
        "type": "sell", 
        "amount": "0.00080000"
    }, 
    {
        "date": "1579399218", 
        "tid": "14389225", 
        "price": "123298000", 
        "type": "buy", 
        "amount": "0.02492522"
    }, 
    {
        "date": "1579399215", 
        "tid": "14389224", 
        "price": "123298000", 
        "type": "buy", 
        "amount": "0.00238270"
    }, 
    {
        "date": "1579399215", 
        "tid": "14389223", 
        "price": "123250000", 
        "type": "buy", 
        "amount": "0.00049560"
    }, 
    {
        "date": "1579399201", 
        "tid": "14389222", 
        "price": "123250000", 
        "type": "buy", 
        "amount": "0.00199402"
    }, 
    {
        "date": "1579399186", 
        "tid": "14389221", 
        "price": "123298000", 
        "type": "buy", 
        "amount": "0.00328233"
    }, 
    {
        "date": "1579399186", 
        "tid": "14389220", 
        "price": "123250000", 
        "type": "buy", 
        "amount": "0.00076107"
    }, 
    {
        "date": "1579399165", 
        "tid": "14389219", 
        "price": "123249000", 
        "type": "sell", 
        "amount": "0.00601185"
    }, 
    {
        "date": "1579399155", 
        "tid": "14389218", 
        "price": "123249000", 
        "type": "sell", 
        "amount": "0.00065187"
    }, 
    {
        "date": "1579399153", 
        "tid": "14389217", 
        "price": "123250000", 
        "type": "buy", 
        "amount": "0.00080893"
    }, 
    {
        "date": "1579399126", 
        "tid": "14389216", 
        "price": "123249000", 
        "type": "sell", 
        "amount": "0.00061928"
    }, 
    {
        "date": "1579399050", 
        "tid": "14389215", 
        "price": "123297000", 
        "type": "buy", 
        "amount": "0.00052178"
    }, 
    {
        "date": "1579399045", 
        "tid": "14389214", 
        "price": "123249000", 
        "type": "sell", 
        "amount": "0.06077376"
    }, 
    {
        "date": "1579399045", 
        "tid": "14389213", 
        "price": "123250000", 
        "type": "sell", 
        "amount": "0.00050471"
    }, 
    {
        "date": "1579399045", 
        "tid": "14389212", 
        "price": "123297000", 
        "type": "sell", 
        "amount": "0.01684653"
    }, 
    {
        "date": "1579399003", 
        "tid": "14389211", 
        "price": "123298000", 
        "type": "buy", 
        "amount": "0.01554601"
    }, 
    {
        "date": "1579398982", 
        "tid": "14389210", 
        "price": "123298000", 
        "type": "buy", 
        "amount": "0.00404309"
    }, 
    {
        "date": "1579398946", 
        "tid": "14389209", 
        "price": "123340000", 
        "type": "buy", 
        "amount": "0.18552256"
    }, 
    {
        "date": "1579398941", 
        "tid": "14389208", 
        "price": "123297000", 
        "type": "sell", 
        "amount": "0.00598539"
    }, 
    {
        "date": "1579398941", 
        "tid": "14389207", 
        "price": "123310000", 
        "type": "sell", 
        "amount": "0.00405482"
    }, 
    {
        "date": "1579398939", 
        "tid": "14389206", 
        "price": "123382000", 
        "type": "sell", 
        "amount": "0.00077960"
    }, 
    {
        "date": "1579398939", 
        "tid": "14389205", 
        "price": "123399000", 
        "type": "sell", 
        "amount": "0.00165136"
    }, 
    {
        "date": "1579398939", 
        "tid": "14389204", 
        "price": "123401000", 
        "type": "sell", 
        "amount": "0.00162073"
    }, 
    {
        "date": "1579398939", 
        "tid": "14389203", 
        "price": "123411000", 
        "type": "sell", 
        "amount": "0.00040830"
    }, 
    {
        "date": "1579398939", 
        "tid": "14389202", 
        "price": "123412000", 
        "type": "sell", 
        "amount": "0.12154409"
    }, 
    {
        "date": "1579398939", 
        "tid": "14389201", 
        "price": "123413000", 
        "type": "sell", 
        "amount": "0.09311247"
    }, 
    {
        "date": "1579398929", 
        "tid": "14389200", 
        "price": "123414000", 
        "type": "buy", 
        "amount": "0.01615714"
    }, 
    {
        "date": "1579398926", 
        "tid": "14389199", 
        "price": "123414000", 
        "type": "buy", 
        "amount": "0.08078572"
    }, 
    {
        "date": "1579398905", 
        "tid": "14389198", 
        "price": "123413000", 
        "type": "sell", 
        "amount": "0.00091311"
    }, 
    {
        "date": "1579398870", 
        "tid": "14389197", 
        "price": "123413000", 
        "type": "sell", 
        "amount": "0.00475906"
    }, 
    {
        "date": "1579398870", 
        "tid": "14389196", 
        "price": "123475000", 
        "type": "sell", 
        "amount": "0.00538965"
    }, 
    {
        "date": "1579398852", 
        "tid": "14389195", 
        "price": "123476000", 
        "type": "buy", 
        "amount": "0.00099701"
    }, 
    {
        "date": "1579398840", 
        "tid": "14389194", 
        "price": "123489000", 
        "type": "sell", 
        "amount": "0.00085837"
    }, 
    {
        "date": "1579398791", 
        "tid": "14389193", 
        "price": "123490000", 
        "type": "buy", 
        "amount": "0.00089491"
    }, 
    {
        "date": "1579398785", 
        "tid": "14389192", 
        "price": "123475000", 
        "type": "sell", 
        "amount": "0.00270915"
    }, 
    {
        "date": "1579398785", 
        "tid": "14389191", 
        "price": "123489000", 
        "type": "sell", 
        "amount": "0.00485872"
    }, 
    {
        "date": "1579398779", 
        "tid": "14389190", 
        "price": "123490000", 
        "type": "buy", 
        "amount": "0.00048441"
    }, 
    {
        "date": "1579398769", 
        "tid": "14389189", 
        "price": "123490000", 
        "type": "buy", 
        "amount": "0.08346488"
    }, 
    {
        "date": "1579398699", 
        "tid": "14389188", 
        "price": "123490000", 
        "type": "buy", 
        "amount": "0.01192388"
    }, 
    {
        "date": "1579398682", 
        "tid": "14389187", 
        "price": "123490000", 
        "type": "buy", 
        "amount": "0.09970897"
    }, 
    {
        "date": "1579398655", 
        "tid": "14389186", 
        "price": "123490000", 
        "type": "buy", 
        "amount": "0.00408346"
    }, 
    {
        "date": "1579398654", 
        "tid": "14389185", 
        "price": "123490000", 
        "type": "buy", 
        "amount": "0.34418081"
    }, 
    {
        "date": "1579398647", 
        "tid": "14389184", 
        "price": "123490000", 
        "type": "buy", 
        "amount": "0.00716395"
    }, 
    {
        "date": "1579398610", 
        "tid": "14389183", 
        "price": "123500000", 
        "type": "buy", 
        "amount": "0.15468636"
    }, 
    {
        "date": "1579398610", 
        "tid": "14389182", 
        "price": "123499000", 
        "type": "buy", 
        "amount": "0.01186058"
    }, 
    {
        "date": "1579398605", 
        "tid": "14389181", 
        "price": "123499000", 
        "type": "buy", 
        "amount": "0.00079598"
    }, 
    {
        "date": "1579398603", 
        "tid": "14389180", 
        "price": "123499000", 
        "type": "buy", 
        "amount": "0.00234257"
    }, 
    {
        "date": "1579398599", 
        "tid": "14389179", 
        "price": "123499000", 
        "type": "buy", 
        "amount": "0.08073012"
    }, 
    {
        "date": "1579398590", 
        "tid": "14389178", 
        "price": "123499000", 
        "type": "buy", 
        "amount": "0.00113022"
    }, 
    {
        "date": "1579398584", 
        "tid": "14389177", 
        "price": "123499000", 
        "type": "buy", 
        "amount": "0.02450857"
    }, 
    {
        "date": "1579398565", 
        "tid": "14389176", 
        "price": "123499000", 
        "type": "buy", 
        "amount": "0.03681355"
    }, 
    {
        "date": "1579398553", 
        "tid": "14389175", 
        "price": "123499000", 
        "type": "buy", 
        "amount": "0.01564298"
    }, 
    {
        "date": "1579398553", 
        "tid": "14389174", 
        "price": "123485000", 
        "type": "buy", 
        "amount": "0.00041430"
    }, 
    {
        "date": "1579398528", 
        "tid": "14389173", 
        "price": "123415000", 
        "type": "sell", 
        "amount": "0.01251887"
    }, 
    {
        "date": "1579398525", 
        "tid": "14389172", 
        "price": "123499000", 
        "type": "buy", 
        "amount": "0.01560777"
    }, 
    {
        "date": "1579398525", 
        "tid": "14389171", 
        "price": "123498000", 
        "type": "buy", 
        "amount": "0.00314501"
    }, 
    {
        "date": "1579398518", 
        "tid": "14389170", 
        "price": "123484000", 
        "type": "buy", 
        "amount": "0.02159419"
    }, 
    {
        "date": "1579398518", 
        "tid": "14389169", 
        "price": "123477000", 
        "type": "buy", 
        "amount": "0.00181653"
    }, 
    {
        "date": "1579398518", 
        "tid": "14389168", 
        "price": "123475000", 
        "type": "buy", 
        "amount": "0.00068525"
    }, 
    {
        "date": "1579398518", 
        "tid": "14389167", 
        "price": "123450000", 
        "type": "buy", 
        "amount": "0.04540128"
    }, 
    {
        "date": "1579398511", 
        "tid": "14389166", 
        "price": "123450000", 
        "type": "buy", 
        "amount": "0.00096480"
    }
]