[
    {
        "date": "1579289457", 
        "tid": "14384168", 
        "price": "120791000", 
        "type": "sell", 
        "amount": "0.00200000"
    }, 
    {
        "date": "1579289344", 
        "tid": "14384167", 
        "price": "120791000", 
        "type": "sell", 
        "amount": "0.00066442"
    }, 
    {
        "date": "1579289227", 
        "tid": "14384166", 
        "price": "120882000", 
        "type": "buy", 
        "amount": "0.00602328"
    }, 
    {
        "date": "1579289082", 
        "tid": "14384165", 
        "price": "120791000", 
        "type": "sell", 
        "amount": "0.01372839"
    }, 
    {
        "date": "1579289071", 
        "tid": "14384164", 
        "price": "120791000", 
        "type": "sell", 
        "amount": "0.00840797"
    }, 
    {
        "date": "1579289031", 
        "tid": "14384163", 
        "price": "120791000", 
        "type": "sell", 
        "amount": "0.01028088"
    }, 
    {
        "date": "1579289015", 
        "tid": "14384162", 
        "price": "120790000", 
        "type": "sell", 
        "amount": "0.02570222"
    }, 
    {
        "date": "1579288998", 
        "tid": "14384161", 
        "price": "120790000", 
        "type": "sell", 
        "amount": "0.08311301"
    }, 
    {
        "date": "1579288826", 
        "tid": "14384160", 
        "price": "120800000", 
        "type": "sell", 
        "amount": "0.00811563"
    }, 
    {
        "date": "1579288826", 
        "tid": "14384159", 
        "price": "120829000", 
        "type": "sell", 
        "amount": "0.00169694"
    }, 
    {
        "date": "1579288826", 
        "tid": "14384158", 
        "price": "120830000", 
        "type": "sell", 
        "amount": "0.00429752"
    }, 
    {
        "date": "1579288826", 
        "tid": "14384157", 
        "price": "120831000", 
        "type": "sell", 
        "amount": "0.00300824"
    }, 
    {
        "date": "1579288826", 
        "tid": "14384156", 
        "price": "120832000", 
        "type": "sell", 
        "amount": "0.00171898"
    }, 
    {
        "date": "1579288826", 
        "tid": "14384155", 
        "price": "120850000", 
        "type": "sell", 
        "amount": "0.00180797"
    }, 
    {
        "date": "1579288801", 
        "tid": "14384154", 
        "price": "120800000", 
        "type": "sell", 
        "amount": "0.00939297"
    }, 
    {
        "date": "1579288763", 
        "tid": "14384153", 
        "price": "120800000", 
        "type": "sell", 
        "amount": "0.10000000"
    }, 
    {
        "date": "1579288746", 
        "tid": "14384152", 
        "price": "120899000", 
        "type": "buy", 
        "amount": "0.00868070"
    }, 
    {
        "date": "1579288746", 
        "tid": "14384151", 
        "price": "120868000", 
        "type": "buy", 
        "amount": "0.00617635"
    }, 
    {
        "date": "1579288701", 
        "tid": "14384150", 
        "price": "120868000", 
        "type": "buy", 
        "amount": "0.00948925"
    }, 
    {
        "date": "1579288701", 
        "tid": "14384149", 
        "price": "120851000", 
        "type": "buy", 
        "amount": "0.04044481"
    }, 
    {
        "date": "1579288701", 
        "tid": "14384148", 
        "price": "120843000", 
        "type": "buy", 
        "amount": "0.00112200"
    }, 
    {
        "date": "1579288701", 
        "tid": "14384147", 
        "price": "120827000", 
        "type": "buy", 
        "amount": "0.00520079"
    }, 
    {
        "date": "1579288701", 
        "tid": "14384146", 
        "price": "120816000", 
        "type": "buy", 
        "amount": "0.00244472"
    }, 
    {
        "date": "1579288701", 
        "tid": "14384145", 
        "price": "120801000", 
        "type": "buy", 
        "amount": "0.00074470"
    }, 
    {
        "date": "1579288647", 
        "tid": "14384144", 
        "price": "120794000", 
        "type": "buy", 
        "amount": "0.03393890"
    }, 
    {
        "date": "1579288641", 
        "tid": "14384143", 
        "price": "120791000", 
        "type": "sell", 
        "amount": "0.00050000"
    }, 
    {
        "date": "1579288618", 
        "tid": "14384142", 
        "price": "120794000", 
        "type": "buy", 
        "amount": "0.00367142"
    }, 
    {
        "date": "1579288618", 
        "tid": "14384141", 
        "price": "120789000", 
        "type": "buy", 
        "amount": "0.01640840"
    }, 
    {
        "date": "1579288577", 
        "tid": "14384140", 
        "price": "120788000", 
        "type": "sell", 
        "amount": "0.04142913"
    }, 
    {
        "date": "1579288546", 
        "tid": "14384139", 
        "price": "120688000", 
        "type": "sell", 
        "amount": "0.01728335"
    }, 
    {
        "date": "1579288517", 
        "tid": "14384138", 
        "price": "120789000", 
        "type": "buy", 
        "amount": "0.00308885"
    }, 
    {
        "date": "1579288517", 
        "tid": "14384137", 
        "price": "120769000", 
        "type": "buy", 
        "amount": "0.02703062"
    }, 
    {
        "date": "1579288504", 
        "tid": "14384136", 
        "price": "120769000", 
        "type": "buy", 
        "amount": "0.03956938"
    }, 
    {
        "date": "1579288504", 
        "tid": "14384135", 
        "price": "120750000", 
        "type": "buy", 
        "amount": "0.00050472"
    }, 
    {
        "date": "1579288504", 
        "tid": "14384134", 
        "price": "120749000", 
        "type": "buy", 
        "amount": "0.00520079"
    }, 
    {
        "date": "1579288504", 
        "tid": "14384133", 
        "price": "120700000", 
        "type": "buy", 
        "amount": "0.00400000"
    }, 
    {
        "date": "1579288504", 
        "tid": "14384132", 
        "price": "120693000", 
        "type": "buy", 
        "amount": "0.01093743"
    }, 
    {
        "date": "1579288487", 
        "tid": "14384131", 
        "price": "120693000", 
        "type": "buy", 
        "amount": "0.03049033"
    }, 
    {
        "date": "1579288487", 
        "tid": "14384130", 
        "price": "120692000", 
        "type": "buy", 
        "amount": "0.02974953"
    }, 
    {
        "date": "1579288477", 
        "tid": "14384129", 
        "price": "120692000", 
        "type": "buy", 
        "amount": "0.05020009"
    }, 
    {
        "date": "1579288469", 
        "tid": "14384128", 
        "price": "120692000", 
        "type": "buy", 
        "amount": "0.08784440"
    }, 
    {
        "date": "1579288469", 
        "tid": "14384127", 
        "price": "120685000", 
        "type": "buy", 
        "amount": "0.00251070"
    }, 
    {
        "date": "1579288380", 
        "tid": "14384126", 
        "price": "120692000", 
        "type": "buy", 
        "amount": "0.07028013"
    }, 
    {
        "date": "1579288372", 
        "tid": "14384125", 
        "price": "120637000", 
        "type": "sell", 
        "amount": "0.13979778"
    }, 
    {
        "date": "1579288372", 
        "tid": "14384124", 
        "price": "120692000", 
        "type": "buy", 
        "amount": "0.09036017"
    }, 
    {
        "date": "1579288365", 
        "tid": "14384123", 
        "price": "120692000", 
        "type": "buy", 
        "amount": "0.02478232"
    }, 
    {
        "date": "1579288364", 
        "tid": "14384122", 
        "price": "120636000", 
        "type": "sell", 
        "amount": "0.05933140"
    }, 
    {
        "date": "1579288364", 
        "tid": "14384121", 
        "price": "120671000", 
        "type": "sell", 
        "amount": "0.00520081"
    }, 
    {
        "date": "1579288317", 
        "tid": "14384120", 
        "price": "120692000", 
        "type": "buy", 
        "amount": "0.00520328"
    }, 
    {
        "date": "1579288316", 
        "tid": "14384119", 
        "price": "120692000", 
        "type": "buy", 
        "amount": "0.00520663"
    }, 
    {
        "date": "1579288315", 
        "tid": "14384118", 
        "price": "120692000", 
        "type": "buy", 
        "amount": "0.00520998"
    }, 
    {
        "date": "1579288315", 
        "tid": "14384117", 
        "price": "120692000", 
        "type": "buy", 
        "amount": "0.00521334"
    }, 
    {
        "date": "1579288314", 
        "tid": "14384116", 
        "price": "120692000", 
        "type": "buy", 
        "amount": "0.00521670"
    }, 
    {
        "date": "1579288313", 
        "tid": "14384115", 
        "price": "120692000", 
        "type": "buy", 
        "amount": "0.00522004"
    }, 
    {
        "date": "1579288313", 
        "tid": "14384114", 
        "price": "120692000", 
        "type": "buy", 
        "amount": "0.00255628"
    }, 
    {
        "date": "1579288313", 
        "tid": "14384113", 
        "price": "120691000", 
        "type": "buy", 
        "amount": "0.00042653"
    }, 
    {
        "date": "1579288313", 
        "tid": "14384112", 
        "price": "120690000", 
        "type": "buy", 
        "amount": "0.00042750"
    }, 
    {
        "date": "1579288299", 
        "tid": "14384111", 
        "price": "120541000", 
        "type": "sell", 
        "amount": "0.00075994"
    }, 
    {
        "date": "1579288174", 
        "tid": "14384110", 
        "price": "120525000", 
        "type": "sell", 
        "amount": "0.00042653"
    }, 
    {
        "date": "1579288137", 
        "tid": "14384109", 
        "price": "120692000", 
        "type": "buy", 
        "amount": "0.02822455"
    }, 
    {
        "date": "1579288137", 
        "tid": "14384108", 
        "price": "120691000", 
        "type": "buy", 
        "amount": "0.01307942"
    }, 
    {
        "date": "1579288116", 
        "tid": "14384107", 
        "price": "120524000", 
        "type": "sell", 
        "amount": "0.00042750"
    }, 
    {
        "date": "1579288018", 
        "tid": "14384106", 
        "price": "120692000", 
        "type": "buy", 
        "amount": "0.00706392"
    }, 
    {
        "date": "1579288018", 
        "tid": "14384105", 
        "price": "120601000", 
        "type": "buy", 
        "amount": "0.00119776"
    }, 
    {
        "date": "1579287941", 
        "tid": "14384104", 
        "price": "120430000", 
        "type": "sell", 
        "amount": "0.01214933"
    }, 
    {
        "date": "1579287941", 
        "tid": "14384103", 
        "price": "120500000", 
        "type": "sell", 
        "amount": "0.00912862"
    }, 
    {
        "date": "1579287941", 
        "tid": "14384102", 
        "price": "120501000", 
        "type": "sell", 
        "amount": "0.02066418"
    }, 
    {
        "date": "1579287941", 
        "tid": "14384101", 
        "price": "120600000", 
        "type": "sell", 
        "amount": "0.04119215"
    }, 
    {
        "date": "1579287883", 
        "tid": "14384100", 
        "price": "120602000", 
        "type": "sell", 
        "amount": "0.00093009"
    }, 
    {
        "date": "1579287815", 
        "tid": "14384099", 
        "price": "120692000", 
        "type": "buy", 
        "amount": "0.00646942"
    }, 
    {
        "date": "1579287815", 
        "tid": "14384098", 
        "price": "120670000", 
        "type": "buy", 
        "amount": "0.00067890"
    }, 
    {
        "date": "1579287815", 
        "tid": "14384097", 
        "price": "120632000", 
        "type": "buy", 
        "amount": "0.00044034"
    }, 
    {
        "date": "1579287815", 
        "tid": "14384096", 
        "price": "120617000", 
        "type": "buy", 
        "amount": "0.00112200"
    }, 
    {
        "date": "1579287815", 
        "tid": "14384095", 
        "price": "120612000", 
        "type": "buy", 
        "amount": "0.00244472"
    }, 
    {
        "date": "1579287815", 
        "tid": "14384094", 
        "price": "120601000", 
        "type": "buy", 
        "amount": "0.00347152"
    }, 
    {
        "date": "1579287657", 
        "tid": "14384093", 
        "price": "120600000", 
        "type": "sell", 
        "amount": "0.00081519"
    }, 
    {
        "date": "1579287233", 
        "tid": "14384092", 
        "price": "120600000", 
        "type": "sell", 
        "amount": "0.00064406"
    }, 
    {
        "date": "1579287228", 
        "tid": "14384091", 
        "price": "120601000", 
        "type": "buy", 
        "amount": "0.00081519"
    }, 
    {
        "date": "1579287228", 
        "tid": "14384090", 
        "price": "120601000", 
        "type": "buy", 
        "amount": "0.00042162"
    }, 
    {
        "date": "1579287121", 
        "tid": "14384089", 
        "price": "120600000", 
        "type": "sell", 
        "amount": "0.00416421"
    }, 
    {
        "date": "1579287100", 
        "tid": "14384088", 
        "price": "120600000", 
        "type": "sell", 
        "amount": "0.01041053"
    }, 
    {
        "date": "1579287076", 
        "tid": "14384087", 
        "price": "120600000", 
        "type": "sell", 
        "amount": "0.01041053"
    }, 
    {
        "date": "1579287008", 
        "tid": "14384086", 
        "price": "120519000", 
        "type": "sell", 
        "amount": "0.01666244"
    }, 
    {
        "date": "1579286998", 
        "tid": "14384085", 
        "price": "120586000", 
        "type": "buy", 
        "amount": "0.15333656"
    }, 
    {
        "date": "1579286998", 
        "tid": "14384084", 
        "price": "120565000", 
        "type": "buy", 
        "amount": "0.00074470"
    }, 
    {
        "date": "1579286998", 
        "tid": "14384083", 
        "price": "120520000", 
        "type": "buy", 
        "amount": "0.00647439"
    }, 
    {
        "date": "1579286979", 
        "tid": "14384082", 
        "price": "120520000", 
        "type": "buy", 
        "amount": "0.00042190"
    }, 
    {
        "date": "1579286961", 
        "tid": "14384081", 
        "price": "120520000", 
        "type": "buy", 
        "amount": "0.00165451"
    }, 
    {
        "date": "1579286950", 
        "tid": "14384080", 
        "price": "120520000", 
        "type": "buy", 
        "amount": "0.00074453"
    }, 
    {
        "date": "1579286945", 
        "tid": "14384079", 
        "price": "120520000", 
        "type": "buy", 
        "amount": "0.00388810"
    }, 
    {
        "date": "1579286864", 
        "tid": "14384078", 
        "price": "120519000", 
        "type": "sell", 
        "amount": "0.04149377"
    }, 
    {
        "date": "1579286822", 
        "tid": "14384077", 
        "price": "120500000", 
        "type": "buy", 
        "amount": "0.04675167"
    }, 
    {
        "date": "1579286810", 
        "tid": "14384076", 
        "price": "120500000", 
        "type": "buy", 
        "amount": "0.05020000"
    }, 
    {
        "date": "1579286797", 
        "tid": "14384075", 
        "price": "120500000", 
        "type": "buy", 
        "amount": "0.08032000"
    }, 
    {
        "date": "1579286786", 
        "tid": "14384074", 
        "price": "120500000", 
        "type": "buy", 
        "amount": "0.00080080"
    }, 
    {
        "date": "1579286782", 
        "tid": "14384073", 
        "price": "120500000", 
        "type": "buy", 
        "amount": "0.13052000"
    }, 
    {
        "date": "1579286768", 
        "tid": "14384072", 
        "price": "120500000", 
        "type": "buy", 
        "amount": "0.21084000"
    }, 
    {
        "date": "1579286747", 
        "tid": "14384071", 
        "price": "120499000", 
        "type": "buy", 
        "amount": "0.02594603"
    }, 
    {
        "date": "1579286735", 
        "tid": "14384070", 
        "price": "120498000", 
        "type": "sell", 
        "amount": "0.00228670"
    }, 
    {
        "date": "1579286709", 
        "tid": "14384069", 
        "price": "120430000", 
        "type": "buy", 
        "amount": "0.07023075"
    }, 
    {
        "date": "1579286709", 
        "tid": "14384068", 
        "price": "120430000", 
        "type": "buy", 
        "amount": "0.11292521"
    }, 
    {
        "date": "1579286709", 
        "tid": "14384067", 
        "price": "120408000", 
        "type": "buy", 
        "amount": "0.00244472"
    }, 
    {
        "date": "1579286709", 
        "tid": "14384066", 
        "price": "120400000", 
        "type": "buy", 
        "amount": "0.00089398"
    }, 
    {
        "date": "1579286709", 
        "tid": "14384065", 
        "price": "120397000", 
        "type": "buy", 
        "amount": "0.02500020"
    }, 
    {
        "date": "1579286709", 
        "tid": "14384064", 
        "price": "120392000", 
        "type": "buy", 
        "amount": "0.00085448"
    }, 
    {
        "date": "1579286709", 
        "tid": "14384063", 
        "price": "120351000", 
        "type": "buy", 
        "amount": "0.04154549"
    }, 
    {
        "date": "1579286709", 
        "tid": "14384062", 
        "price": "120348000", 
        "type": "buy", 
        "amount": "0.00934295"
    }, 
    {
        "date": "1579286709", 
        "tid": "14384061", 
        "price": "120346000", 
        "type": "buy", 
        "amount": "0.00769906"
    }, 
    {
        "date": "1579286691", 
        "tid": "14384060", 
        "price": "120344000", 
        "type": "sell", 
        "amount": "0.01183627"
    }, 
    {
        "date": "1579286679", 
        "tid": "14384059", 
        "price": "120345000", 
        "type": "buy", 
        "amount": "0.18071943"
    }, 
    {
        "date": "1579286668", 
        "tid": "14384058", 
        "price": "120323000", 
        "type": "sell", 
        "amount": "0.00344472"
    }, 
    {
        "date": "1579286660", 
        "tid": "14384057", 
        "price": "120323000", 
        "type": "sell", 
        "amount": "0.08267335"
    }, 
    {
        "date": "1579286658", 
        "tid": "14384056", 
        "price": "120324000", 
        "type": "buy", 
        "amount": "0.56223862"
    }, 
    {
        "date": "1579286516", 
        "tid": "14384055", 
        "price": "120220000", 
        "type": "sell", 
        "amount": "0.00083093"
    }, 
    {
        "date": "1579286499", 
        "tid": "14384054", 
        "price": "120219000", 
        "type": "sell", 
        "amount": "0.00042675"
    }, 
    {
        "date": "1579286493", 
        "tid": "14384053", 
        "price": "120219000", 
        "type": "sell", 
        "amount": "0.00045220"
    }, 
    {
        "date": "1579286453", 
        "tid": "14384052", 
        "price": "120344000", 
        "type": "buy", 
        "amount": "0.00042613"
    }, 
    {
        "date": "1579286430", 
        "tid": "14384051", 
        "price": "120219000", 
        "type": "sell", 
        "amount": "0.00042423"
    }, 
    {
        "date": "1579286422", 
        "tid": "14384050", 
        "price": "120344000", 
        "type": "buy", 
        "amount": "0.00232324"
    }, 
    {
        "date": "1579286419", 
        "tid": "14384049", 
        "price": "120219000", 
        "type": "sell", 
        "amount": "0.00066943"
    }, 
    {
        "date": "1579286341", 
        "tid": "14384048", 
        "price": "120219000", 
        "type": "sell", 
        "amount": "0.00042675"
    }, 
    {
        "date": "1579286320", 
        "tid": "14384047", 
        "price": "120346000", 
        "type": "buy", 
        "amount": "0.00279177"
    }, 
    {
        "date": "1579286294", 
        "tid": "14384046", 
        "price": "120219000", 
        "type": "sell", 
        "amount": "0.00062751"
    }, 
    {
        "date": "1579286213", 
        "tid": "14384045", 
        "price": "120220000", 
        "type": "sell", 
        "amount": "0.00042599"
    }, 
    {
        "date": "1579286199", 
        "tid": "14384044", 
        "price": "120220000", 
        "type": "sell", 
        "amount": "0.00042724"
    }, 
    {
        "date": "1579286190", 
        "tid": "14384043", 
        "price": "120235000", 
        "type": "sell", 
        "amount": "0.00059569"
    }, 
    {
        "date": "1579286167", 
        "tid": "14384042", 
        "price": "120244000", 
        "type": "sell", 
        "amount": "0.00797226"
    }, 
    {
        "date": "1579286134", 
        "tid": "14384041", 
        "price": "120348000", 
        "type": "buy", 
        "amount": "0.00083672"
    }, 
    {
        "date": "1579286011", 
        "tid": "14384040", 
        "price": "120348000", 
        "type": "buy", 
        "amount": "0.00837722"
    }, 
    {
        "date": "1579285978", 
        "tid": "14384039", 
        "price": "120348000", 
        "type": "buy", 
        "amount": "0.00042250"
    }, 
    {
        "date": "1579285966", 
        "tid": "14384038", 
        "price": "120348000", 
        "type": "buy", 
        "amount": "0.00115981"
    }, 
    {
        "date": "1579285949", 
        "tid": "14384037", 
        "price": "120348000", 
        "type": "buy", 
        "amount": "0.00042250"
    }, 
    {
        "date": "1579285877", 
        "tid": "14384036", 
        "price": "120128000", 
        "type": "sell", 
        "amount": "0.00591439"
    }, 
    {
        "date": "1579285845", 
        "tid": "14384035", 
        "price": "120348000", 
        "type": "buy", 
        "amount": "0.00091128"
    }, 
    {
        "date": "1579285841", 
        "tid": "14384034", 
        "price": "120348000", 
        "type": "buy", 
        "amount": "0.00042250"
    }, 
    {
        "date": "1579285838", 
        "tid": "14384033", 
        "price": "120348000", 
        "type": "buy", 
        "amount": "0.00447356"
    }, 
    {
        "date": "1579285691", 
        "tid": "14384032", 
        "price": "120350000", 
        "type": "buy", 
        "amount": "0.00042250"
    }, 
    {
        "date": "1579285574", 
        "tid": "14384031", 
        "price": "120349000", 
        "type": "buy", 
        "amount": "0.00042250"
    }, 
    {
        "date": "1579285566", 
        "tid": "14384030", 
        "price": "120349000", 
        "type": "buy", 
        "amount": "0.00042250"
    }, 
    {
        "date": "1579285566", 
        "tid": "14384029", 
        "price": "120349000", 
        "type": "buy", 
        "amount": "0.04543393"
    }, 
    {
        "date": "1579285560", 
        "tid": "14384028", 
        "price": "120349000", 
        "type": "buy", 
        "amount": "0.00397647"
    }, 
    {
        "date": "1579285541", 
        "tid": "14384027", 
        "price": "120124000", 
        "type": "sell", 
        "amount": "0.12468358"
    }, 
    {
        "date": "1579285541", 
        "tid": "14384026", 
        "price": "120188000", 
        "type": "sell", 
        "amount": "0.04160149"
    }, 
    {
        "date": "1579285541", 
        "tid": "14384025", 
        "price": "120191000", 
        "type": "sell", 
        "amount": "0.03371493"
    }, 
    {
        "date": "1579285451", 
        "tid": "14384024", 
        "price": "120350000", 
        "type": "buy", 
        "amount": "0.00042250"
    }, 
    {
        "date": "1579285354", 
        "tid": "14384023", 
        "price": "120191000", 
        "type": "sell", 
        "amount": "0.00717943"
    }, 
    {
        "date": "1579285354", 
        "tid": "14384022", 
        "price": "120349000", 
        "type": "sell", 
        "amount": "0.00073019"
    }, 
    {
        "date": "1579285338", 
        "tid": "14384021", 
        "price": "120350000", 
        "type": "buy", 
        "amount": "0.00245907"
    }, 
    {
        "date": "1579285111", 
        "tid": "14384020", 
        "price": "120350000", 
        "type": "buy", 
        "amount": "0.00094760"
    }, 
    {
        "date": "1579285101", 
        "tid": "14384019", 
        "price": "120212000", 
        "type": "buy", 
        "amount": "0.00094044"
    }
]