[
    {
        "date": "1579395852", 
        "tid": "14388681", 
        "price": "122000000", 
        "type": "buy", 
        "amount": "0.00733292"
    }, 
    {
        "date": "1579395838", 
        "tid": "14388680", 
        "price": "122000000", 
        "type": "buy", 
        "amount": "0.00396600"
    }, 
    {
        "date": "1579395838", 
        "tid": "14388679", 
        "price": "121984000", 
        "type": "buy", 
        "amount": "0.00101919"
    }, 
    {
        "date": "1579395835", 
        "tid": "14388678", 
        "price": "122000000", 
        "type": "buy", 
        "amount": "0.05184446"
    }, 
    {
        "date": "1579395834", 
        "tid": "14388677", 
        "price": "122000000", 
        "type": "buy", 
        "amount": "0.00733292"
    }, 
    {
        "date": "1579395826", 
        "tid": "14388676", 
        "price": "122000000", 
        "type": "buy", 
        "amount": "0.00733292"
    }, 
    {
        "date": "1579395823", 
        "tid": "14388675", 
        "price": "122000000", 
        "type": "buy", 
        "amount": "0.20599757"
    }, 
    {
        "date": "1579395820", 
        "tid": "14388674", 
        "price": "121983000", 
        "type": "buy", 
        "amount": "0.00293211"
    }, 
    {
        "date": "1579395810", 
        "tid": "14388673", 
        "price": "121982000", 
        "type": "sell", 
        "amount": "0.01660356"
    }, 
    {
        "date": "1579395809", 
        "tid": "14388672", 
        "price": "122000000", 
        "type": "buy", 
        "amount": "0.00853787"
    }, 
    {
        "date": "1579395809", 
        "tid": "14388671", 
        "price": "121999000", 
        "type": "buy", 
        "amount": "0.00006611"
    }, 
    {
        "date": "1579395801", 
        "tid": "14388670", 
        "price": "121999000", 
        "type": "buy", 
        "amount": "0.00121051"
    }, 
    {
        "date": "1579395801", 
        "tid": "14388669", 
        "price": "121997000", 
        "type": "buy", 
        "amount": "0.01000000"
    }, 
    {
        "date": "1579395801", 
        "tid": "14388668", 
        "price": "121990000", 
        "type": "buy", 
        "amount": "0.00050504"
    }, 
    {
        "date": "1579395801", 
        "tid": "14388667", 
        "price": "121987000", 
        "type": "buy", 
        "amount": "0.00295094"
    }, 
    {
        "date": "1579395797", 
        "tid": "14388666", 
        "price": "121982000", 
        "type": "sell", 
        "amount": "0.00073455"
    }, 
    {
        "date": "1579395790", 
        "tid": "14388665", 
        "price": "121980000", 
        "type": "buy", 
        "amount": "0.00074470"
    }, 
    {
        "date": "1579395790", 
        "tid": "14388664", 
        "price": "121977000", 
        "type": "buy", 
        "amount": "0.00180273"
    }, 
    {
        "date": "1579395790", 
        "tid": "14388663", 
        "price": "121973000", 
        "type": "buy", 
        "amount": "0.00092323"
    }, 
    {
        "date": "1579395790", 
        "tid": "14388662", 
        "price": "121971000", 
        "type": "buy", 
        "amount": "0.00112200"
    }, 
    {
        "date": "1579395790", 
        "tid": "14388661", 
        "price": "121970000", 
        "type": "buy", 
        "amount": "0.00042588"
    }, 
    {
        "date": "1579395790", 
        "tid": "14388660", 
        "price": "121956000", 
        "type": "buy", 
        "amount": "0.00083399"
    }, 
    {
        "date": "1579395790", 
        "tid": "14388659", 
        "price": "121951000", 
        "type": "buy", 
        "amount": "0.24898688"
    }, 
    {
        "date": "1579395788", 
        "tid": "14388658", 
        "price": "121951000", 
        "type": "buy", 
        "amount": "0.01075843"
    }, 
    {
        "date": "1579395777", 
        "tid": "14388657", 
        "price": "121951000", 
        "type": "buy", 
        "amount": "0.01467173"
    }, 
    {
        "date": "1579395773", 
        "tid": "14388656", 
        "price": "121951000", 
        "type": "buy", 
        "amount": "0.01591169"
    }, 
    {
        "date": "1579395773", 
        "tid": "14388655", 
        "price": "121947000", 
        "type": "buy", 
        "amount": "0.00090131"
    }, 
    {
        "date": "1579395773", 
        "tid": "14388654", 
        "price": "121946000", 
        "type": "buy", 
        "amount": "0.00067890"
    }, 
    {
        "date": "1579395773", 
        "tid": "14388653", 
        "price": "121940000", 
        "type": "buy", 
        "amount": "0.00501985"
    }, 
    {
        "date": "1579395773", 
        "tid": "14388652", 
        "price": "121938000", 
        "type": "buy", 
        "amount": "0.00246508"
    }, 
    {
        "date": "1579395773", 
        "tid": "14388651", 
        "price": "121936000", 
        "type": "buy", 
        "amount": "0.00077960"
    }, 
    {
        "date": "1579395773", 
        "tid": "14388650", 
        "price": "121927000", 
        "type": "buy", 
        "amount": "0.00116057"
    }, 
    {
        "date": "1579395773", 
        "tid": "14388649", 
        "price": "121925000", 
        "type": "buy", 
        "amount": "0.00331054"
    }, 
    {
        "date": "1579395773", 
        "tid": "14388648", 
        "price": "121915000", 
        "type": "buy", 
        "amount": "0.80706067"
    }, 
    {
        "date": "1579395773", 
        "tid": "14388647", 
        "price": "121907000", 
        "type": "buy", 
        "amount": "0.01974369"
    }, 
    {
        "date": "1579395773", 
        "tid": "14388646", 
        "price": "121906000", 
        "type": "buy", 
        "amount": "0.24761469"
    }, 
    {
        "date": "1579395773", 
        "tid": "14388645", 
        "price": "121905000", 
        "type": "buy", 
        "amount": "0.33099975"
    }, 
    {
        "date": "1579395770", 
        "tid": "14388644", 
        "price": "121905000", 
        "type": "buy", 
        "amount": "0.57328016"
    }, 
    {
        "date": "1579395766", 
        "tid": "14388643", 
        "price": "121905000", 
        "type": "buy", 
        "amount": "0.02044643"
    }, 
    {
        "date": "1579395766", 
        "tid": "14388642", 
        "price": "121905000", 
        "type": "buy", 
        "amount": "0.96583866"
    }, 
    {
        "date": "1579395766", 
        "tid": "14388641", 
        "price": "121904000", 
        "type": "buy", 
        "amount": "0.00164795"
    }, 
    {
        "date": "1579395766", 
        "tid": "14388640", 
        "price": "121902000", 
        "type": "buy", 
        "amount": "0.00097840"
    }, 
    {
        "date": "1579395766", 
        "tid": "14388639", 
        "price": "121899000", 
        "type": "buy", 
        "amount": "0.00820006"
    }, 
    {
        "date": "1579395766", 
        "tid": "14388638", 
        "price": "121898000", 
        "type": "buy", 
        "amount": "0.00479728"
    }, 
    {
        "date": "1579395766", 
        "tid": "14388637", 
        "price": "121888000", 
        "type": "buy", 
        "amount": "0.15767235"
    }, 
    {
        "date": "1579395766", 
        "tid": "14388636", 
        "price": "121875000", 
        "type": "buy", 
        "amount": "0.00054281"
    }, 
    {
        "date": "1579395766", 
        "tid": "14388635", 
        "price": "121861000", 
        "type": "buy", 
        "amount": "0.05561741"
    }, 
    {
        "date": "1579395766", 
        "tid": "14388634", 
        "price": "121860000", 
        "type": "buy", 
        "amount": "0.00256592"
    }, 
    {
        "date": "1579395766", 
        "tid": "14388633", 
        "price": "121858000", 
        "type": "buy", 
        "amount": "0.00078696"
    }, 
    {
        "date": "1579395766", 
        "tid": "14388632", 
        "price": "121851000", 
        "type": "buy", 
        "amount": "0.00077960"
    }, 
    {
        "date": "1579395766", 
        "tid": "14388631", 
        "price": "121850000", 
        "type": "buy", 
        "amount": "0.00121301"
    }, 
    {
        "date": "1579395766", 
        "tid": "14388630", 
        "price": "121838000", 
        "type": "buy", 
        "amount": "0.00090135"
    }, 
    {
        "date": "1579395766", 
        "tid": "14388629", 
        "price": "121808000", 
        "type": "buy", 
        "amount": "0.00411991"
    }, 
    {
        "date": "1579395766", 
        "tid": "14388628", 
        "price": "121806000", 
        "type": "buy", 
        "amount": "0.00853864"
    }, 
    {
        "date": "1579395766", 
        "tid": "14388627", 
        "price": "121800000", 
        "type": "buy", 
        "amount": "0.01417689"
    }, 
    {
        "date": "1579395766", 
        "tid": "14388626", 
        "price": "121788000", 
        "type": "buy", 
        "amount": "0.32391900"
    }, 
    {
        "date": "1579395766", 
        "tid": "14388625", 
        "price": "121765000", 
        "type": "buy", 
        "amount": "0.00193311"
    }, 
    {
        "date": "1579395766", 
        "tid": "14388624", 
        "price": "121756000", 
        "type": "buy", 
        "amount": "0.00094619"
    }, 
    {
        "date": "1579395766", 
        "tid": "14388623", 
        "price": "121756000", 
        "type": "buy", 
        "amount": "0.00797607"
    }, 
    {
        "date": "1579395765", 
        "tid": "14388622", 
        "price": "121756000", 
        "type": "buy", 
        "amount": "0.00363242"
    }, 
    {
        "date": "1579395765", 
        "tid": "14388621", 
        "price": "121750000", 
        "type": "buy", 
        "amount": "0.00050472"
    }, 
    {
        "date": "1579395765", 
        "tid": "14388620", 
        "price": "121748000", 
        "type": "buy", 
        "amount": "0.00027149"
    }, 
    {
        "date": "1579395756", 
        "tid": "14388619", 
        "price": "121748000", 
        "type": "buy", 
        "amount": "0.00394906"
    }, 
    {
        "date": "1579395756", 
        "tid": "14388618", 
        "price": "121746000", 
        "type": "buy", 
        "amount": "0.00045982"
    }, 
    {
        "date": "1579395750", 
        "tid": "14388617", 
        "price": "121746000", 
        "type": "buy", 
        "amount": "0.00598206"
    }, 
    {
        "date": "1579395748", 
        "tid": "14388616", 
        "price": "121746000", 
        "type": "buy", 
        "amount": "0.01443243"
    }, 
    {
        "date": "1579395748", 
        "tid": "14388615", 
        "price": "121745000", 
        "type": "buy", 
        "amount": "0.00026402"
    }, 
    {
        "date": "1579395746", 
        "tid": "14388614", 
        "price": "121745000", 
        "type": "buy", 
        "amount": "0.04087737"
    }, 
    {
        "date": "1579395742", 
        "tid": "14388613", 
        "price": "121745000", 
        "type": "buy", 
        "amount": "0.00068085"
    }, 
    {
        "date": "1579395742", 
        "tid": "14388612", 
        "price": "121744000", 
        "type": "buy", 
        "amount": "0.00074470"
    }, 
    {
        "date": "1579395742", 
        "tid": "14388611", 
        "price": "121734000", 
        "type": "buy", 
        "amount": "0.00023703"
    }, 
    {
        "date": "1579395740", 
        "tid": "14388610", 
        "price": "121734000", 
        "type": "buy", 
        "amount": "0.00398805"
    }, 
    {
        "date": "1579395735", 
        "tid": "14388609", 
        "price": "121731000", 
        "type": "buy", 
        "amount": "0.00025443"
    }, 
    {
        "date": "1579395734", 
        "tid": "14388608", 
        "price": "121731000", 
        "type": "buy", 
        "amount": "0.00697906"
    }, 
    {
        "date": "1579395731", 
        "tid": "14388607", 
        "price": "121731000", 
        "type": "buy", 
        "amount": "0.00966651"
    }, 
    {
        "date": "1579395731", 
        "tid": "14388606", 
        "price": "121729000", 
        "type": "buy", 
        "amount": "0.00044034"
    }, 
    {
        "date": "1579395731", 
        "tid": "14388605", 
        "price": "121719000", 
        "type": "buy", 
        "amount": "0.00250798"
    }, 
    {
        "date": "1579395731", 
        "tid": "14388604", 
        "price": "121716000", 
        "type": "buy", 
        "amount": "0.00208395"
    }, 
    {
        "date": "1579395730", 
        "tid": "14388603", 
        "price": "121716000", 
        "type": "buy", 
        "amount": "0.42671984"
    }, 
    {
        "date": "1579395726", 
        "tid": "14388602", 
        "price": "121716000", 
        "type": "buy", 
        "amount": "0.07119621"
    }, 
    {
        "date": "1579395726", 
        "tid": "14388601", 
        "price": "121700000", 
        "type": "buy", 
        "amount": "0.16468260"
    }, 
    {
        "date": "1579395726", 
        "tid": "14388600", 
        "price": "121699000", 
        "type": "buy", 
        "amount": "0.00053671"
    }, 
    {
        "date": "1579395726", 
        "tid": "14388599", 
        "price": "121698000", 
        "type": "buy", 
        "amount": "0.00076830"
    }, 
    {
        "date": "1579395726", 
        "tid": "14388598", 
        "price": "121683000", 
        "type": "buy", 
        "amount": "0.01804270"
    }, 
    {
        "date": "1579395725", 
        "tid": "14388597", 
        "price": "121683000", 
        "type": "buy", 
        "amount": "0.01309590"
    }, 
    {
        "date": "1579395725", 
        "tid": "14388596", 
        "price": "121680000", 
        "type": "buy", 
        "amount": "0.00077960"
    }, 
    {
        "date": "1579395725", 
        "tid": "14388595", 
        "price": "121672000", 
        "type": "buy", 
        "amount": "0.01282226"
    }, 
    {
        "date": "1579395725", 
        "tid": "14388594", 
        "price": "121655000", 
        "type": "sell", 
        "amount": "0.00449425"
    }, 
    {
        "date": "1579395724", 
        "tid": "14388593", 
        "price": "121655000", 
        "type": "buy", 
        "amount": "0.00139621"
    }, 
    {
        "date": "1579395722", 
        "tid": "14388592", 
        "price": "121655000", 
        "type": "buy", 
        "amount": "0.28015952"
    }, 
    {
        "date": "1579395721", 
        "tid": "14388591", 
        "price": "121655000", 
        "type": "buy", 
        "amount": "0.42279450"
    }, 
    {
        "date": "1579395721", 
        "tid": "14388590", 
        "price": "121643000", 
        "type": "buy", 
        "amount": "0.00145893"
    }, 
    {
        "date": "1579395721", 
        "tid": "14388589", 
        "price": "121640000", 
        "type": "buy", 
        "amount": "0.00041736"
    }, 
    {
        "date": "1579395721", 
        "tid": "14388588", 
        "price": "121637000", 
        "type": "buy", 
        "amount": "0.00081058"
    }, 
    {
        "date": "1579395721", 
        "tid": "14388587", 
        "price": "121627000", 
        "type": "buy", 
        "amount": "0.00067890"
    }, 
    {
        "date": "1579395715", 
        "tid": "14388586", 
        "price": "121625000", 
        "type": "buy", 
        "amount": "0.00096403"
    }, 
    {
        "date": "1579395714", 
        "tid": "14388585", 
        "price": "121625000", 
        "type": "buy", 
        "amount": "0.01196411"
    }, 
    {
        "date": "1579395712", 
        "tid": "14388584", 
        "price": "121625000", 
        "type": "buy", 
        "amount": "0.01393505"
    }, 
    {
        "date": "1579395712", 
        "tid": "14388583", 
        "price": "121625000", 
        "type": "buy", 
        "amount": "0.01313724"
    }, 
    {
        "date": "1579395712", 
        "tid": "14388582", 
        "price": "121612000", 
        "type": "buy", 
        "amount": "0.00256592"
    }, 
    {
        "date": "1579395712", 
        "tid": "14388581", 
        "price": "121605000", 
        "type": "buy", 
        "amount": "0.00171384"
    }, 
    {
        "date": "1579395712", 
        "tid": "14388580", 
        "price": "121600000", 
        "type": "buy", 
        "amount": "0.04084745"
    }, 
    {
        "date": "1579395712", 
        "tid": "14388579", 
        "price": "121596000", 
        "type": "buy", 
        "amount": "0.00398438"
    }, 
    {
        "date": "1579395712", 
        "tid": "14388578", 
        "price": "121595000", 
        "type": "buy", 
        "amount": "0.00077960"
    }, 
    {
        "date": "1579395712", 
        "tid": "14388577", 
        "price": "121570000", 
        "type": "buy", 
        "amount": "0.01429562"
    }, 
    {
        "date": "1579395712", 
        "tid": "14388576", 
        "price": "121554000", 
        "type": "buy", 
        "amount": "0.05824438"
    }, 
    {
        "date": "1579395712", 
        "tid": "14388575", 
        "price": "121551000", 
        "type": "buy", 
        "amount": "0.09514936"
    }, 
    {
        "date": "1579395712", 
        "tid": "14388574", 
        "price": "121550000", 
        "type": "buy", 
        "amount": "0.00016803"
    }, 
    {
        "date": "1579395710", 
        "tid": "14388573", 
        "price": "121550000", 
        "type": "buy", 
        "amount": "0.00076714"
    }, 
    {
        "date": "1579395706", 
        "tid": "14388572", 
        "price": "121550000", 
        "type": "buy", 
        "amount": "0.00598205"
    }, 
    {
        "date": "1579395702", 
        "tid": "14388571", 
        "price": "121550000", 
        "type": "buy", 
        "amount": "0.07641611"
    }, 
    {
        "date": "1579395702", 
        "tid": "14388570", 
        "price": "121546000", 
        "type": "buy", 
        "amount": "0.03747071"
    }, 
    {
        "date": "1579395702", 
        "tid": "14388569", 
        "price": "121540000", 
        "type": "buy", 
        "amount": "0.00048610"
    }, 
    {
        "date": "1579395702", 
        "tid": "14388568", 
        "price": "121532000", 
        "type": "buy", 
        "amount": "0.03740251"
    }, 
    {
        "date": "1579395702", 
        "tid": "14388567", 
        "price": "121530000", 
        "type": "buy", 
        "amount": "0.00246508"
    }, 
    {
        "date": "1579395702", 
        "tid": "14388566", 
        "price": "121520000", 
        "type": "buy", 
        "amount": "0.00112200"
    }, 
    {
        "date": "1579395702", 
        "tid": "14388565", 
        "price": "121519000", 
        "type": "buy", 
        "amount": "0.00160000"
    }, 
    {
        "date": "1579395702", 
        "tid": "14388564", 
        "price": "121518000", 
        "type": "buy", 
        "amount": "0.00259396"
    }, 
    {
        "date": "1579395702", 
        "tid": "14388563", 
        "price": "121517000", 
        "type": "buy", 
        "amount": "0.00247119"
    }, 
    {
        "date": "1579395702", 
        "tid": "14388562", 
        "price": "121515000", 
        "type": "buy", 
        "amount": "0.00515415"
    }, 
    {
        "date": "1579395702", 
        "tid": "14388561", 
        "price": "121512000", 
        "type": "buy", 
        "amount": "0.01455664"
    }, 
    {
        "date": "1579395702", 
        "tid": "14388560", 
        "price": "121511000", 
        "type": "buy", 
        "amount": "0.11449500"
    }, 
    {
        "date": "1579395702", 
        "tid": "14388559", 
        "price": "121510000", 
        "type": "buy", 
        "amount": "0.00077960"
    }, 
    {
        "date": "1579395702", 
        "tid": "14388558", 
        "price": "121508000", 
        "type": "buy", 
        "amount": "0.00074470"
    }, 
    {
        "date": "1579395702", 
        "tid": "14388557", 
        "price": "121506000", 
        "type": "buy", 
        "amount": "0.00211462"
    }, 
    {
        "date": "1579395702", 
        "tid": "14388556", 
        "price": "121502000", 
        "type": "buy", 
        "amount": "0.00126254"
    }, 
    {
        "date": "1579395698", 
        "tid": "14388555", 
        "price": "121502000", 
        "type": "buy", 
        "amount": "0.20039882"
    }, 
    {
        "date": "1579395695", 
        "tid": "14388554", 
        "price": "121501000", 
        "type": "buy", 
        "amount": "0.00088062"
    }, 
    {
        "date": "1579395695", 
        "tid": "14388553", 
        "price": "121501000", 
        "type": "buy", 
        "amount": "0.01994018"
    }, 
    {
        "date": "1579395692", 
        "tid": "14388552", 
        "price": "121500000", 
        "type": "buy", 
        "amount": "0.00166386"
    }, 
    {
        "date": "1579395690", 
        "tid": "14388551", 
        "price": "121500000", 
        "type": "buy", 
        "amount": "0.43569296"
    }, 
    {
        "date": "1579395687", 
        "tid": "14388550", 
        "price": "121496000", 
        "type": "sell", 
        "amount": "0.00112000"
    }, 
    {
        "date": "1579395687", 
        "tid": "14388549", 
        "price": "121500000", 
        "type": "buy", 
        "amount": "0.59870244"
    }, 
    {
        "date": "1579395687", 
        "tid": "14388548", 
        "price": "121499000", 
        "type": "buy", 
        "amount": "0.00002991"
    }, 
    {
        "date": "1579395686", 
        "tid": "14388547", 
        "price": "121499000", 
        "type": "buy", 
        "amount": "0.00997009"
    }, 
    {
        "date": "1579395684", 
        "tid": "14388546", 
        "price": "121485000", 
        "type": "buy", 
        "amount": "0.00064572"
    }, 
    {
        "date": "1579395684", 
        "tid": "14388545", 
        "price": "121482000", 
        "type": "buy", 
        "amount": "0.00081896"
    }, 
    {
        "date": "1579395684", 
        "tid": "14388544", 
        "price": "121479000", 
        "type": "buy", 
        "amount": "0.00100000"
    }, 
    {
        "date": "1579395684", 
        "tid": "14388543", 
        "price": "121469000", 
        "type": "buy", 
        "amount": "0.00143257"
    }, 
    {
        "date": "1579395684", 
        "tid": "14388542", 
        "price": "121463000", 
        "type": "buy", 
        "amount": "0.00079140"
    }, 
    {
        "date": "1579395684", 
        "tid": "14388541", 
        "price": "121460000", 
        "type": "buy", 
        "amount": "0.00988168"
    }, 
    {
        "date": "1579395684", 
        "tid": "14388540", 
        "price": "121459000", 
        "type": "buy", 
        "amount": "0.00248545"
    }, 
    {
        "date": "1579395684", 
        "tid": "14388539", 
        "price": "121452000", 
        "type": "buy", 
        "amount": "0.00166885"
    }, 
    {
        "date": "1579395684", 
        "tid": "14388538", 
        "price": "121446000", 
        "type": "buy", 
        "amount": "0.00108105"
    }, 
    {
        "date": "1579395683", 
        "tid": "14388537", 
        "price": "121426000", 
        "type": "buy", 
        "amount": "0.69169378"
    }, 
    {
        "date": "1579395682", 
        "tid": "14388536", 
        "price": "121426000", 
        "type": "buy", 
        "amount": "0.43850622"
    }, 
    {
        "date": "1579395682", 
        "tid": "14388535", 
        "price": "121425000", 
        "type": "buy", 
        "amount": "0.00077960"
    }, 
    {
        "date": "1579395682", 
        "tid": "14388534", 
        "price": "121411000", 
        "type": "buy", 
        "amount": "0.00172413"
    }, 
    {
        "date": "1579395682", 
        "tid": "14388533", 
        "price": "121410000", 
        "type": "buy", 
        "amount": "0.00918818"
    }, 
    {
        "date": "1579395682", 
        "tid": "14388532", 
        "price": "121401000", 
        "type": "buy", 
        "amount": "0.14825109"
    }
]