[
    {
        "date": "1579389199", 
        "tid": "14388225", 
        "price": "120803000", 
        "type": "sell", 
        "amount": "0.01135959"
    }, 
    {
        "date": "1579389199", 
        "tid": "14388224", 
        "price": "120804000", 
        "type": "sell", 
        "amount": "0.01177618"
    }, 
    {
        "date": "1579389199", 
        "tid": "14388223", 
        "price": "120806000", 
        "type": "sell", 
        "amount": "0.00630115"
    }, 
    {
        "date": "1579389199", 
        "tid": "14388222", 
        "price": "120829000", 
        "type": "sell", 
        "amount": "0.00077959"
    }, 
    {
        "date": "1579389199", 
        "tid": "14388221", 
        "price": "120836000", 
        "type": "sell", 
        "amount": "0.00244096"
    }, 
    {
        "date": "1579389199", 
        "tid": "14388220", 
        "price": "120867000", 
        "type": "sell", 
        "amount": "0.00244095"
    }, 
    {
        "date": "1579389112", 
        "tid": "14388219", 
        "price": "120892000", 
        "type": "sell", 
        "amount": "0.00829742"
    }, 
    {
        "date": "1579389112", 
        "tid": "14388218", 
        "price": "120897000", 
        "type": "sell", 
        "amount": "0.00244096"
    }, 
    {
        "date": "1579389112", 
        "tid": "14388217", 
        "price": "120914000", 
        "type": "sell", 
        "amount": "0.00006450"
    }, 
    {
        "date": "1579389058", 
        "tid": "14388216", 
        "price": "120914000", 
        "type": "sell", 
        "amount": "0.00071510"
    }, 
    {
        "date": "1579389058", 
        "tid": "14388215", 
        "price": "120928000", 
        "type": "sell", 
        "amount": "0.00244095"
    }, 
    {
        "date": "1579389058", 
        "tid": "14388214", 
        "price": "120959000", 
        "type": "sell", 
        "amount": "0.00244095"
    }, 
    {
        "date": "1579389034", 
        "tid": "14388213", 
        "price": "120965000", 
        "type": "sell", 
        "amount": "0.07019683"
    }, 
    {
        "date": "1579389028", 
        "tid": "14388212", 
        "price": "120965000", 
        "type": "sell", 
        "amount": "0.00473291"
    }, 
    {
        "date": "1579389023", 
        "tid": "14388211", 
        "price": "120966000", 
        "type": "buy", 
        "amount": "0.00824205"
    }, 
    {
        "date": "1579388983", 
        "tid": "14388210", 
        "price": "120965000", 
        "type": "sell", 
        "amount": "0.00057623"
    }, 
    {
        "date": "1579388862", 
        "tid": "14388209", 
        "price": "121000000", 
        "type": "buy", 
        "amount": "0.03502153"
    }, 
    {
        "date": "1579388862", 
        "tid": "14388208", 
        "price": "120999000", 
        "type": "buy", 
        "amount": "0.00089911"
    }, 
    {
        "date": "1579388787", 
        "tid": "14388207", 
        "price": "121000000", 
        "type": "buy", 
        "amount": "0.00050607"
    }, 
    {
        "date": "1579388787", 
        "tid": "14388206", 
        "price": "120999000", 
        "type": "buy", 
        "amount": "0.00089911"
    }, 
    {
        "date": "1579388647", 
        "tid": "14388205", 
        "price": "121000000", 
        "type": "buy", 
        "amount": "0.02257557"
    }, 
    {
        "date": "1579388647", 
        "tid": "14388204", 
        "price": "120999000", 
        "type": "buy", 
        "amount": "0.00245696"
    }, 
    {
        "date": "1579388588", 
        "tid": "14388203", 
        "price": "120998000", 
        "type": "sell", 
        "amount": "0.00162431"
    }, 
    {
        "date": "1579388572", 
        "tid": "14388202", 
        "price": "120998000", 
        "type": "buy", 
        "amount": "0.10695127"
    }, 
    {
        "date": "1579388572", 
        "tid": "14388201", 
        "price": "120989000", 
        "type": "buy", 
        "amount": "0.00311985"
    }, 
    {
        "date": "1579388572", 
        "tid": "14388200", 
        "price": "120981000", 
        "type": "buy", 
        "amount": "0.13995528"
    }, 
    {
        "date": "1579388572", 
        "tid": "14388199", 
        "price": "120959000", 
        "type": "buy", 
        "amount": "0.00244095"
    }, 
    {
        "date": "1579388572", 
        "tid": "14388198", 
        "price": "120947000", 
        "type": "buy", 
        "amount": "0.01705985"
    }, 
    {
        "date": "1579388572", 
        "tid": "14388197", 
        "price": "120928000", 
        "type": "buy", 
        "amount": "0.00244095"
    }, 
    {
        "date": "1579388572", 
        "tid": "14388196", 
        "price": "120914000", 
        "type": "buy", 
        "amount": "0.00077960"
    }, 
    {
        "date": "1579388433", 
        "tid": "14388195", 
        "price": "120900000", 
        "type": "sell", 
        "amount": "0.07019684"
    }, 
    {
        "date": "1579388406", 
        "tid": "14388194", 
        "price": "120900000", 
        "type": "sell", 
        "amount": "0.00046237"
    }, 
    {
        "date": "1579388385", 
        "tid": "14388193", 
        "price": "120900000", 
        "type": "buy", 
        "amount": "0.36471182"
    }, 
    {
        "date": "1579388385", 
        "tid": "14388192", 
        "price": "120899000", 
        "type": "buy", 
        "amount": "0.01169632"
    }, 
    {
        "date": "1579388384", 
        "tid": "14388191", 
        "price": "120898000", 
        "type": "sell", 
        "amount": "0.00255350"
    }, 
    {
        "date": "1579388382", 
        "tid": "14388190", 
        "price": "120898000", 
        "type": "sell", 
        "amount": "0.25440897"
    }, 
    {
        "date": "1579388377", 
        "tid": "14388189", 
        "price": "120898000", 
        "type": "buy", 
        "amount": "0.26682783"
    }, 
    {
        "date": "1579388377", 
        "tid": "14388188", 
        "price": "120893000", 
        "type": "buy", 
        "amount": "0.05376047"
    }, 
    {
        "date": "1579388311", 
        "tid": "14388187", 
        "price": "120893000", 
        "type": "buy", 
        "amount": "0.01643636"
    }, 
    {
        "date": "1579388159", 
        "tid": "14388186", 
        "price": "120898000", 
        "type": "buy", 
        "amount": "0.02325436"
    }, 
    {
        "date": "1579388120", 
        "tid": "14388185", 
        "price": "120892000", 
        "type": "sell", 
        "amount": "0.00400000"
    }, 
    {
        "date": "1579387951", 
        "tid": "14388184", 
        "price": "120898000", 
        "type": "buy", 
        "amount": "0.20963119"
    }, 
    {
        "date": "1579387951", 
        "tid": "14388183", 
        "price": "120897000", 
        "type": "buy", 
        "amount": "0.00359698"
    }, 
    {
        "date": "1579387951", 
        "tid": "14388182", 
        "price": "120896000", 
        "type": "buy", 
        "amount": "0.00292257"
    }, 
    {
        "date": "1579387951", 
        "tid": "14388181", 
        "price": "120895000", 
        "type": "buy", 
        "amount": "0.00224815"
    }, 
    {
        "date": "1579387951", 
        "tid": "14388180", 
        "price": "120894000", 
        "type": "buy", 
        "amount": "0.00157372"
    }, 
    {
        "date": "1579387951", 
        "tid": "14388179", 
        "price": "120893000", 
        "type": "buy", 
        "amount": "0.00089927"
    }, 
    {
        "date": "1579387748", 
        "tid": "14388178", 
        "price": "120898000", 
        "type": "buy", 
        "amount": "0.56641780"
    }, 
    {
        "date": "1579387748", 
        "tid": "14388177", 
        "price": "120897000", 
        "type": "buy", 
        "amount": "0.00334019"
    }, 
    {
        "date": "1579387748", 
        "tid": "14388176", 
        "price": "120867000", 
        "type": "buy", 
        "amount": "0.00244095"
    }, 
    {
        "date": "1579387748", 
        "tid": "14388175", 
        "price": "120850000", 
        "type": "buy", 
        "amount": "0.01740927"
    }, 
    {
        "date": "1579387748", 
        "tid": "14388174", 
        "price": "120837000", 
        "type": "buy", 
        "amount": "0.01250000"
    }, 
    {
        "date": "1579387716", 
        "tid": "14388173", 
        "price": "120807000", 
        "type": "sell", 
        "amount": "0.23680335"
    }, 
    {
        "date": "1579387716", 
        "tid": "14388172", 
        "price": "120836000", 
        "type": "sell", 
        "amount": "0.00244096"
    }, 
    {
        "date": "1579387716", 
        "tid": "14388171", 
        "price": "120867000", 
        "type": "sell", 
        "amount": "0.00244095"
    }, 
    {
        "date": "1579387693", 
        "tid": "14388170", 
        "price": "120898000", 
        "type": "buy", 
        "amount": "0.94679803"
    }, 
    {
        "date": "1579387693", 
        "tid": "14388169", 
        "price": "120897000", 
        "type": "buy", 
        "amount": "0.03378069"
    }, 
    {
        "date": "1579387693", 
        "tid": "14388168", 
        "price": "120896000", 
        "type": "buy", 
        "amount": "0.00089925"
    }, 
    {
        "date": "1579387693", 
        "tid": "14388167", 
        "price": "120877000", 
        "type": "buy", 
        "amount": "0.00943136"
    }, 
    {
        "date": "1579387693", 
        "tid": "14388166", 
        "price": "120871000", 
        "type": "buy", 
        "amount": "0.00282733"
    }, 
    {
        "date": "1579387686", 
        "tid": "14388165", 
        "price": "120871000", 
        "type": "buy", 
        "amount": "0.00893569"
    }, 
    {
        "date": "1579387686", 
        "tid": "14388164", 
        "price": "120867000", 
        "type": "buy", 
        "amount": "0.00500687"
    }, 
    {
        "date": "1579387686", 
        "tid": "14388163", 
        "price": "120850000", 
        "type": "buy", 
        "amount": "0.01617509"
    }, 
    {
        "date": "1579387668", 
        "tid": "14388162", 
        "price": "120807000", 
        "type": "buy", 
        "amount": "0.00094412"
    }, 
    {
        "date": "1579387592", 
        "tid": "14388161", 
        "price": "120850000", 
        "type": "buy", 
        "amount": "0.01763695"
    }, 
    {
        "date": "1579387592", 
        "tid": "14388160", 
        "price": "120836000", 
        "type": "buy", 
        "amount": "0.00244095"
    }, 
    {
        "date": "1579387572", 
        "tid": "14388159", 
        "price": "120806000", 
        "type": "sell", 
        "amount": "0.00277254"
    }, 
    {
        "date": "1579387572", 
        "tid": "14388158", 
        "price": "120849000", 
        "type": "sell", 
        "amount": "0.00534763"
    }, 
    {
        "date": "1579387549", 
        "tid": "14388157", 
        "price": "120850000", 
        "type": "buy", 
        "amount": "0.02007993"
    }, 
    {
        "date": "1579387544", 
        "tid": "14388156", 
        "price": "120850000", 
        "type": "buy", 
        "amount": "0.01011551"
    }, 
    {
        "date": "1579387544", 
        "tid": "14388155", 
        "price": "120843000", 
        "type": "buy", 
        "amount": "0.00937727"
    }, 
    {
        "date": "1579387544", 
        "tid": "14388154", 
        "price": "120836000", 
        "type": "buy", 
        "amount": "0.00066524"
    }, 
    {
        "date": "1579387544", 
        "tid": "14388153", 
        "price": "120835000", 
        "type": "buy", 
        "amount": "0.02000000"
    }, 
    {
        "date": "1579387259", 
        "tid": "14388152", 
        "price": "120836000", 
        "type": "buy", 
        "amount": "0.00218965"
    }, 
    {
        "date": "1579387259", 
        "tid": "14388151", 
        "price": "120832000", 
        "type": "buy", 
        "amount": "0.00444965"
    }, 
    {
        "date": "1579387259", 
        "tid": "14388150", 
        "price": "120829000", 
        "type": "buy", 
        "amount": "0.00077960"
    }, 
    {
        "date": "1579387259", 
        "tid": "14388149", 
        "price": "120806000", 
        "type": "buy", 
        "amount": "0.00244095"
    }, 
    {
        "date": "1579387259", 
        "tid": "14388148", 
        "price": "120804000", 
        "type": "buy", 
        "amount": "0.00038811"
    }, 
    {
        "date": "1579387242", 
        "tid": "14388147", 
        "price": "120800000", 
        "type": "sell", 
        "amount": "0.01209866"
    }, 
    {
        "date": "1579387235", 
        "tid": "14388146", 
        "price": "120804000", 
        "type": "buy", 
        "amount": "0.01183403"
    }, 
    {
        "date": "1579387221", 
        "tid": "14388145", 
        "price": "120800000", 
        "type": "sell", 
        "amount": "0.02992785"
    }, 
    {
        "date": "1579387114", 
        "tid": "14388144", 
        "price": "120800000", 
        "type": "sell", 
        "amount": "0.00159077"
    }, 
    {
        "date": "1579386827", 
        "tid": "14388143", 
        "price": "120804000", 
        "type": "buy", 
        "amount": "0.00077579"
    }, 
    {
        "date": "1579386822", 
        "tid": "14388142", 
        "price": "120800000", 
        "type": "sell", 
        "amount": "1.00412054"
    }, 
    {
        "date": "1579386822", 
        "tid": "14388141", 
        "price": "120803000", 
        "type": "sell", 
        "amount": "0.00827794"
    }, 
    {
        "date": "1579386634", 
        "tid": "14388140", 
        "price": "120804000", 
        "type": "buy", 
        "amount": "0.00137628"
    }, 
    {
        "date": "1579386634", 
        "tid": "14388139", 
        "price": "120801000", 
        "type": "buy", 
        "amount": "0.00023300"
    }, 
    {
        "date": "1579386609", 
        "tid": "14388138", 
        "price": "120800000", 
        "type": "sell", 
        "amount": "0.00161900"
    }, 
    {
        "date": "1579386596", 
        "tid": "14388137", 
        "price": "120800000", 
        "type": "sell", 
        "amount": "0.00112233"
    }, 
    {
        "date": "1579386591", 
        "tid": "14388136", 
        "price": "120801000", 
        "type": "buy", 
        "amount": "0.00051170"
    }, 
    {
        "date": "1579386484", 
        "tid": "14388135", 
        "price": "120800000", 
        "type": "sell", 
        "amount": "0.00338116"
    }, 
    {
        "date": "1579386458", 
        "tid": "14388134", 
        "price": "120800000", 
        "type": "sell", 
        "amount": "0.00090909"
    }, 
    {
        "date": "1579386443", 
        "tid": "14388133", 
        "price": "120800000", 
        "type": "sell", 
        "amount": "0.00223083"
    }, 
    {
        "date": "1579386275", 
        "tid": "14388132", 
        "price": "120800000", 
        "type": "buy", 
        "amount": "0.31431735"
    }, 
    {
        "date": "1579385859", 
        "tid": "14388131", 
        "price": "120775000", 
        "type": "buy", 
        "amount": "0.00244095"
    }, 
    {
        "date": "1579385859", 
        "tid": "14388130", 
        "price": "120744000", 
        "type": "buy", 
        "amount": "0.00330384"
    }, 
    {
        "date": "1579385726", 
        "tid": "14388129", 
        "price": "120715000", 
        "type": "buy", 
        "amount": "0.94192699"
    }, 
    {
        "date": "1579385711", 
        "tid": "14388128", 
        "price": "120715000", 
        "type": "buy", 
        "amount": "0.00891788"
    }, 
    {
        "date": "1579385603", 
        "tid": "14388127", 
        "price": "120715000", 
        "type": "buy", 
        "amount": "0.01156287"
    }, 
    {
        "date": "1579385587", 
        "tid": "14388126", 
        "price": "120715000", 
        "type": "buy", 
        "amount": "0.01982209"
    }, 
    {
        "date": "1579385327", 
        "tid": "14388125", 
        "price": "120715000", 
        "type": "buy", 
        "amount": "0.00041296"
    }, 
    {
        "date": "1579385251", 
        "tid": "14388124", 
        "price": "120744000", 
        "type": "sell", 
        "amount": "0.00233781"
    }, 
    {
        "date": "1579384534", 
        "tid": "14388123", 
        "price": "120744000", 
        "type": "sell", 
        "amount": "0.00010316"
    }, 
    {
        "date": "1579384377", 
        "tid": "14388122", 
        "price": "120800000", 
        "type": "buy", 
        "amount": "0.03377127"
    }, 
    {
        "date": "1579384377", 
        "tid": "14388121", 
        "price": "120799000", 
        "type": "buy", 
        "amount": "0.19481677"
    }, 
    {
        "date": "1579384377", 
        "tid": "14388120", 
        "price": "120798000", 
        "type": "buy", 
        "amount": "0.00797354"
    }, 
    {
        "date": "1579384377", 
        "tid": "14388119", 
        "price": "120775000", 
        "type": "buy", 
        "amount": "0.00244095"
    }, 
    {
        "date": "1579384377", 
        "tid": "14388118", 
        "price": "120750000", 
        "type": "buy", 
        "amount": "0.00050472"
    }, 
    {
        "date": "1579384377", 
        "tid": "14388117", 
        "price": "120744000", 
        "type": "buy", 
        "amount": "0.00322055"
    }, 
    {
        "date": "1579384377", 
        "tid": "14388116", 
        "price": "120714000", 
        "type": "buy", 
        "amount": "0.00244095"
    }, 
    {
        "date": "1579384377", 
        "tid": "14388115", 
        "price": "120683000", 
        "type": "buy", 
        "amount": "0.00244095"
    }, 
    {
        "date": "1579384236", 
        "tid": "14388114", 
        "price": "120659000", 
        "type": "sell", 
        "amount": "0.00417142"
    }, 
    {
        "date": "1579384167", 
        "tid": "14388113", 
        "price": "120659000", 
        "type": "buy", 
        "amount": "0.00077960"
    }, 
    {
        "date": "1579384057", 
        "tid": "14388112", 
        "price": "120653000", 
        "type": "sell", 
        "amount": "0.00244095"
    }, 
    {
        "date": "1579384041", 
        "tid": "14388111", 
        "price": "120653000", 
        "type": "buy", 
        "amount": "0.00143214"
    }, 
    {
        "date": "1579384037", 
        "tid": "14388110", 
        "price": "120574000", 
        "type": "sell", 
        "amount": "0.06495246"
    }, 
    {
        "date": "1579384037", 
        "tid": "14388109", 
        "price": "120575000", 
        "type": "sell", 
        "amount": "0.00424126"
    }, 
    {
        "date": "1579384037", 
        "tid": "14388108", 
        "price": "120576000", 
        "type": "sell", 
        "amount": "0.00296885"
    }, 
    {
        "date": "1579384037", 
        "tid": "14388107", 
        "price": "120577000", 
        "type": "sell", 
        "amount": "0.00169647"
    }, 
    {
        "date": "1579384037", 
        "tid": "14388106", 
        "price": "120591000", 
        "type": "sell", 
        "amount": "0.00244096"
    }, 
    {
        "date": "1579383886", 
        "tid": "14388105", 
        "price": "120622000", 
        "type": "buy", 
        "amount": "0.00284203"
    }, 
    {
        "date": "1579383719", 
        "tid": "14388104", 
        "price": "120621000", 
        "type": "sell", 
        "amount": "0.09765200"
    }, 
    {
        "date": "1579383584", 
        "tid": "14388103", 
        "price": "120621000", 
        "type": "sell", 
        "amount": "0.01377047"
    }, 
    {
        "date": "1579383530", 
        "tid": "14388102", 
        "price": "120621000", 
        "type": "sell", 
        "amount": "0.00116000"
    }, 
    {
        "date": "1579383516", 
        "tid": "14388101", 
        "price": "120530000", 
        "type": "sell", 
        "amount": "0.00678873"
    }, 
    {
        "date": "1579383506", 
        "tid": "14388100", 
        "price": "120622000", 
        "type": "buy", 
        "amount": "0.00163908"
    }, 
    {
        "date": "1579383506", 
        "tid": "14388099", 
        "price": "120591000", 
        "type": "buy", 
        "amount": "0.00244095"
    }, 
    {
        "date": "1579383506", 
        "tid": "14388098", 
        "price": "120574000", 
        "type": "buy", 
        "amount": "0.00077960"
    }, 
    {
        "date": "1579383506", 
        "tid": "14388097", 
        "price": "120561000", 
        "type": "buy", 
        "amount": "0.00244095"
    }, 
    {
        "date": "1579383506", 
        "tid": "14388096", 
        "price": "120530000", 
        "type": "buy", 
        "amount": "0.00244095"
    }, 
    {
        "date": "1579383335", 
        "tid": "14388095", 
        "price": "120477000", 
        "type": "sell", 
        "amount": "0.02066027"
    }, 
    {
        "date": "1579383335", 
        "tid": "14388094", 
        "price": "120489000", 
        "type": "sell", 
        "amount": "0.00077959"
    }, 
    {
        "date": "1579383335", 
        "tid": "14388093", 
        "price": "120492000", 
        "type": "sell", 
        "amount": "0.00156773"
    }, 
    {
        "date": "1579383335", 
        "tid": "14388092", 
        "price": "120500000", 
        "type": "sell", 
        "amount": "0.08716018"
    }, 
    {
        "date": "1579383335", 
        "tid": "14388091", 
        "price": "120501000", 
        "type": "sell", 
        "amount": "0.02352614"
    }, 
    {
        "date": "1579383335", 
        "tid": "14388090", 
        "price": "120502000", 
        "type": "sell", 
        "amount": "0.03053437"
    }, 
    {
        "date": "1579383335", 
        "tid": "14388089", 
        "price": "120530000", 
        "type": "sell", 
        "amount": "0.00244096"
    }, 
    {
        "date": "1579383335", 
        "tid": "14388088", 
        "price": "120561000", 
        "type": "sell", 
        "amount": "0.00244094"
    }, 
    {
        "date": "1579383335", 
        "tid": "14388087", 
        "price": "120591000", 
        "type": "sell", 
        "amount": "0.00244096"
    }, 
    {
        "date": "1579382652", 
        "tid": "14388086", 
        "price": "120653000", 
        "type": "buy", 
        "amount": "0.00100881"
    }, 
    {
        "date": "1579382652", 
        "tid": "14388085", 
        "price": "120650000", 
        "type": "buy", 
        "amount": "0.00100000"
    }, 
    {
        "date": "1579382652", 
        "tid": "14388084", 
        "price": "120622000", 
        "type": "buy", 
        "amount": "0.00050710"
    }, 
    {
        "date": "1579382652", 
        "tid": "14388083", 
        "price": "120591000", 
        "type": "buy", 
        "amount": "0.00244095"
    }, 
    {
        "date": "1579382652", 
        "tid": "14388082", 
        "price": "120561000", 
        "type": "buy", 
        "amount": "0.00331055"
    }, 
    {
        "date": "1579382335", 
        "tid": "14388081", 
        "price": "120501000", 
        "type": "sell", 
        "amount": "0.00076466"
    }, 
    {
        "date": "1579381911", 
        "tid": "14388080", 
        "price": "120502000", 
        "type": "sell", 
        "amount": "0.49705904"
    }, 
    {
        "date": "1579381835", 
        "tid": "14388079", 
        "price": "120503000", 
        "type": "sell", 
        "amount": "0.00631400"
    }, 
    {
        "date": "1579381378", 
        "tid": "14388078", 
        "price": "120530000", 
        "type": "sell", 
        "amount": "0.00244096"
    }, 
    {
        "date": "1579380892", 
        "tid": "14388077", 
        "price": "120531000", 
        "type": "sell", 
        "amount": "0.17724486"
    }, 
    {
        "date": "1579380892", 
        "tid": "14388076", 
        "price": "120560000", 
        "type": "sell", 
        "amount": "0.00100000"
    }
]