[
    {
        "date": "1579361496", 
        "tid": "14387346", 
        "price": "120745000", 
        "type": "sell", 
        "amount": "0.00627076"
    }, 
    {
        "date": "1579361496", 
        "tid": "14387345", 
        "price": "120750000", 
        "type": "sell", 
        "amount": "0.00050471"
    }, 
    {
        "date": "1579361496", 
        "tid": "14387344", 
        "price": "120775000", 
        "type": "sell", 
        "amount": "0.00087748"
    }, 
    {
        "date": "1579361496", 
        "tid": "14387343", 
        "price": "120776000", 
        "type": "sell", 
        "amount": "0.00082797"
    }, 
    {
        "date": "1579361486", 
        "tid": "14387342", 
        "price": "120777000", 
        "type": "buy", 
        "amount": "0.02179308"
    }, 
    {
        "date": "1579361483", 
        "tid": "14387341", 
        "price": "120777000", 
        "type": "sell", 
        "amount": "0.00943136"
    }, 
    {
        "date": "1579361474", 
        "tid": "14387340", 
        "price": "120790000", 
        "type": "sell", 
        "amount": "0.00082788"
    }, 
    {
        "date": "1579361474", 
        "tid": "14387339", 
        "price": "120806000", 
        "type": "sell", 
        "amount": "0.00244107"
    }, 
    {
        "date": "1579361466", 
        "tid": "14387338", 
        "price": "120829000", 
        "type": "sell", 
        "amount": "0.00077959"
    }, 
    {
        "date": "1579361460", 
        "tid": "14387337", 
        "price": "120836000", 
        "type": "sell", 
        "amount": "0.00158780"
    }, 
    {
        "date": "1579361388", 
        "tid": "14387336", 
        "price": "120836000", 
        "type": "sell", 
        "amount": "0.00085329"
    }, 
    {
        "date": "1579361382", 
        "tid": "14387335", 
        "price": "120867000", 
        "type": "sell", 
        "amount": "0.01485139"
    }, 
    {
        "date": "1579361312", 
        "tid": "14387334", 
        "price": "120867000", 
        "type": "sell", 
        "amount": "0.00044306"
    }, 
    {
        "date": "1579361261", 
        "tid": "14387333", 
        "price": "120898000", 
        "type": "buy", 
        "amount": "0.43302633"
    }, 
    {
        "date": "1579361261", 
        "tid": "14387332", 
        "price": "120897000", 
        "type": "buy", 
        "amount": "0.00244108"
    }, 
    {
        "date": "1579361261", 
        "tid": "14387331", 
        "price": "120868000", 
        "type": "buy", 
        "amount": "0.14183649"
    }, 
    {
        "date": "1579361253", 
        "tid": "14387330", 
        "price": "120868000", 
        "type": "buy", 
        "amount": "0.01512205"
    }, 
    {
        "date": "1579361242", 
        "tid": "14387329", 
        "price": "120867000", 
        "type": "sell", 
        "amount": "0.00100000"
    }, 
    {
        "date": "1579361233", 
        "tid": "14387328", 
        "price": "120867000", 
        "type": "sell", 
        "amount": "0.00154208"
    }, 
    {
        "date": "1579361214", 
        "tid": "14387327", 
        "price": "120868000", 
        "type": "buy", 
        "amount": "0.01155251"
    }, 
    {
        "date": "1579361144", 
        "tid": "14387326", 
        "price": "120868000", 
        "type": "buy", 
        "amount": "0.03012085"
    }, 
    {
        "date": "1579361090", 
        "tid": "14387325", 
        "price": "120867000", 
        "type": "sell", 
        "amount": "0.01487733"
    }, 
    {
        "date": "1579360950", 
        "tid": "14387324", 
        "price": "120868000", 
        "type": "buy", 
        "amount": "0.00042069"
    }, 
    {
        "date": "1579360929", 
        "tid": "14387323", 
        "price": "120868000", 
        "type": "buy", 
        "amount": "0.02035212"
    }, 
    {
        "date": "1579360920", 
        "tid": "14387322", 
        "price": "120897000", 
        "type": "sell", 
        "amount": "0.00041637"
    }, 
    {
        "date": "1579360811", 
        "tid": "14387321", 
        "price": "120898000", 
        "type": "buy", 
        "amount": "0.12370043"
    }, 
    {
        "date": "1579360784", 
        "tid": "14387320", 
        "price": "120898000", 
        "type": "buy", 
        "amount": "0.00792987"
    }, 
    {
        "date": "1579360778", 
        "tid": "14387319", 
        "price": "120898000", 
        "type": "buy", 
        "amount": "0.00120850"
    }, 
    {
        "date": "1579360777", 
        "tid": "14387318", 
        "price": "120898000", 
        "type": "buy", 
        "amount": "0.00100448"
    }, 
    {
        "date": "1579360769", 
        "tid": "14387317", 
        "price": "120897000", 
        "type": "sell", 
        "amount": "0.00384224"
    }, 
    {
        "date": "1579360730", 
        "tid": "14387316", 
        "price": "120898000", 
        "type": "buy", 
        "amount": "0.07467383"
    }, 
    {
        "date": "1579360716", 
        "tid": "14387315", 
        "price": "120897000", 
        "type": "sell", 
        "amount": "0.00379772"
    }, 
    {
        "date": "1579360662", 
        "tid": "14387314", 
        "price": "120898000", 
        "type": "buy", 
        "amount": "0.08246695"
    }, 
    {
        "date": "1579360638", 
        "tid": "14387313", 
        "price": "120898000", 
        "type": "buy", 
        "amount": "0.04123347"
    }, 
    {
        "date": "1579360638", 
        "tid": "14387312", 
        "price": "120898000", 
        "type": "buy", 
        "amount": "0.22831505"
    }, 
    {
        "date": "1579360637", 
        "tid": "14387311", 
        "price": "120898000", 
        "type": "buy", 
        "amount": "0.22831505"
    }, 
    {
        "date": "1579360631", 
        "tid": "14387310", 
        "price": "120898000", 
        "type": "buy", 
        "amount": "0.00042058"
    }, 
    {
        "date": "1579360623", 
        "tid": "14387309", 
        "price": "120898000", 
        "type": "buy", 
        "amount": "0.00042058"
    }, 
    {
        "date": "1579360615", 
        "tid": "14387308", 
        "price": "120898000", 
        "type": "buy", 
        "amount": "0.00042058"
    }, 
    {
        "date": "1579360606", 
        "tid": "14387307", 
        "price": "120898000", 
        "type": "buy", 
        "amount": "0.00042058"
    }, 
    {
        "date": "1579360598", 
        "tid": "14387306", 
        "price": "120898000", 
        "type": "buy", 
        "amount": "0.00042058"
    }, 
    {
        "date": "1579360596", 
        "tid": "14387305", 
        "price": "120898000", 
        "type": "buy", 
        "amount": "0.00090713"
    }, 
    {
        "date": "1579360596", 
        "tid": "14387304", 
        "price": "120898000", 
        "type": "buy", 
        "amount": "0.00120296"
    }, 
    {
        "date": "1579360593", 
        "tid": "14387303", 
        "price": "120898000", 
        "type": "buy", 
        "amount": "0.00098961"
    }, 
    {
        "date": "1579360590", 
        "tid": "14387302", 
        "price": "120898000", 
        "type": "buy", 
        "amount": "0.00042058"
    }, 
    {
        "date": "1579360590", 
        "tid": "14387301", 
        "price": "120898000", 
        "type": "buy", 
        "amount": "0.00046305"
    }, 
    {
        "date": "1579360582", 
        "tid": "14387300", 
        "price": "120898000", 
        "type": "buy", 
        "amount": "0.00042058"
    }, 
    {
        "date": "1579360580", 
        "tid": "14387299", 
        "price": "120898000", 
        "type": "buy", 
        "amount": "0.03234199"
    }, 
    {
        "date": "1579360574", 
        "tid": "14387298", 
        "price": "120897000", 
        "type": "sell", 
        "amount": "0.01606972"
    }, 
    {
        "date": "1579360517", 
        "tid": "14387297", 
        "price": "120898000", 
        "type": "buy", 
        "amount": "0.00042058"
    }, 
    {
        "date": "1579360508", 
        "tid": "14387296", 
        "price": "120898000", 
        "type": "buy", 
        "amount": "0.00042058"
    }, 
    {
        "date": "1579360497", 
        "tid": "14387295", 
        "price": "120898000", 
        "type": "buy", 
        "amount": "0.24347243"
    }, 
    {
        "date": "1579360493", 
        "tid": "14387294", 
        "price": "120897000", 
        "type": "sell", 
        "amount": "0.00287964"
    }, 
    {
        "date": "1579360459", 
        "tid": "14387293", 
        "price": "120898000", 
        "type": "buy", 
        "amount": "0.00042058"
    }, 
    {
        "date": "1579360455", 
        "tid": "14387292", 
        "price": "120898000", 
        "type": "buy", 
        "amount": "0.00056549"
    }, 
    {
        "date": "1579360450", 
        "tid": "14387291", 
        "price": "120898000", 
        "type": "buy", 
        "amount": "0.00042058"
    }, 
    {
        "date": "1579360442", 
        "tid": "14387290", 
        "price": "120898000", 
        "type": "buy", 
        "amount": "0.00043014"
    }, 
    {
        "date": "1579360419", 
        "tid": "14387289", 
        "price": "120898000", 
        "type": "buy", 
        "amount": "0.00989603"
    }, 
    {
        "date": "1579360381", 
        "tid": "14387288", 
        "price": "120898000", 
        "type": "buy", 
        "amount": "0.20387335"
    }, 
    {
        "date": "1579360361", 
        "tid": "14387287", 
        "price": "120898000", 
        "type": "buy", 
        "amount": "0.00042058"
    }, 
    {
        "date": "1579360358", 
        "tid": "14387286", 
        "price": "120898000", 
        "type": "buy", 
        "amount": "0.00051001"
    }, 
    {
        "date": "1579360350", 
        "tid": "14387285", 
        "price": "120898000", 
        "type": "buy", 
        "amount": "0.00042058"
    }, 
    {
        "date": "1579360339", 
        "tid": "14387284", 
        "price": "120898000", 
        "type": "buy", 
        "amount": "0.00123700"
    }, 
    {
        "date": "1579360337", 
        "tid": "14387283", 
        "price": "120898000", 
        "type": "buy", 
        "amount": "0.00348010"
    }, 
    {
        "date": "1579360336", 
        "tid": "14387282", 
        "price": "120898000", 
        "type": "buy", 
        "amount": "0.00610255"
    }, 
    {
        "date": "1579360296", 
        "tid": "14387281", 
        "price": "120897000", 
        "type": "sell", 
        "amount": "0.00102094"
    }, 
    {
        "date": "1579360275", 
        "tid": "14387280", 
        "price": "120897000", 
        "type": "sell", 
        "amount": "0.03253689"
    }, 
    {
        "date": "1579360263", 
        "tid": "14387279", 
        "price": "120898000", 
        "type": "buy", 
        "amount": "0.00042058"
    }, 
    {
        "date": "1579360254", 
        "tid": "14387278", 
        "price": "120898000", 
        "type": "buy", 
        "amount": "0.00042058"
    }, 
    {
        "date": "1579360244", 
        "tid": "14387277", 
        "price": "120898000", 
        "type": "buy", 
        "amount": "0.00042058"
    }, 
    {
        "date": "1579360220", 
        "tid": "14387276", 
        "price": "120897000", 
        "type": "sell", 
        "amount": "0.01458344"
    }, 
    {
        "date": "1579360220", 
        "tid": "14387275", 
        "price": "120898000", 
        "type": "buy", 
        "amount": "0.00066504"
    }, 
    {
        "date": "1579360215", 
        "tid": "14387274", 
        "price": "120898000", 
        "type": "buy", 
        "amount": "0.00074220"
    }, 
    {
        "date": "1579360214", 
        "tid": "14387273", 
        "price": "120898000", 
        "type": "buy", 
        "amount": "0.00056759"
    }, 
    {
        "date": "1579360188", 
        "tid": "14387272", 
        "price": "120898000", 
        "type": "buy", 
        "amount": "0.00824669"
    }, 
    {
        "date": "1579360118", 
        "tid": "14387271", 
        "price": "120898000", 
        "type": "buy", 
        "amount": "0.15668721"
    }, 
    {
        "date": "1579360092", 
        "tid": "14387270", 
        "price": "120897000", 
        "type": "sell", 
        "amount": "0.00044576"
    }, 
    {
        "date": "1579360065", 
        "tid": "14387269", 
        "price": "120898000", 
        "type": "buy", 
        "amount": "0.01223979"
    }, 
    {
        "date": "1579360053", 
        "tid": "14387268", 
        "price": "120897000", 
        "type": "sell", 
        "amount": "0.00051470"
    }, 
    {
        "date": "1579360050", 
        "tid": "14387267", 
        "price": "120897000", 
        "type": "sell", 
        "amount": "0.00066564"
    }, 
    {
        "date": "1579360045", 
        "tid": "14387266", 
        "price": "120897000", 
        "type": "sell", 
        "amount": "0.00066946"
    }, 
    {
        "date": "1579359936", 
        "tid": "14387265", 
        "price": "120897000", 
        "type": "sell", 
        "amount": "0.00200000"
    }, 
    {
        "date": "1579359910", 
        "tid": "14387264", 
        "price": "120897000", 
        "type": "sell", 
        "amount": "0.03200000"
    }, 
    {
        "date": "1579359812", 
        "tid": "14387263", 
        "price": "120897000", 
        "type": "sell", 
        "amount": "0.00776450"
    }, 
    {
        "date": "1579359675", 
        "tid": "14387262", 
        "price": "120897000", 
        "type": "sell", 
        "amount": "0.02040816"
    }, 
    {
        "date": "1579359650", 
        "tid": "14387261", 
        "price": "120898000", 
        "type": "buy", 
        "amount": "0.00121226"
    }, 
    {
        "date": "1579359646", 
        "tid": "14387260", 
        "price": "120897000", 
        "type": "sell", 
        "amount": "0.00081249"
    }, 
    {
        "date": "1579359564", 
        "tid": "14387259", 
        "price": "120898000", 
        "type": "buy", 
        "amount": "0.00909610"
    }, 
    {
        "date": "1579359525", 
        "tid": "14387258", 
        "price": "120897000", 
        "type": "sell", 
        "amount": "0.00042088"
    }, 
    {
        "date": "1579359501", 
        "tid": "14387257", 
        "price": "120898000", 
        "type": "buy", 
        "amount": "0.03253689"
    }, 
    {
        "date": "1579359488", 
        "tid": "14387256", 
        "price": "120898000", 
        "type": "buy", 
        "amount": "0.01724403"
    }, 
    {
        "date": "1579359463", 
        "tid": "14387255", 
        "price": "120897000", 
        "type": "sell", 
        "amount": "0.00092183"
    }, 
    {
        "date": "1579359301", 
        "tid": "14387254", 
        "price": "120897000", 
        "type": "sell", 
        "amount": "0.00042097"
    }, 
    {
        "date": "1579359259", 
        "tid": "14387253", 
        "price": "120897000", 
        "type": "sell", 
        "amount": "0.00045275"
    }, 
    {
        "date": "1579359247", 
        "tid": "14387252", 
        "price": "120897000", 
        "type": "sell", 
        "amount": "0.01628484"
    }, 
    {
        "date": "1579359247", 
        "tid": "14387251", 
        "price": "120928000", 
        "type": "sell", 
        "amount": "0.00244108"
    }, 
    {
        "date": "1579359221", 
        "tid": "14387250", 
        "price": "120955000", 
        "type": "sell", 
        "amount": "0.02267086"
    }, 
    {
        "date": "1579359217", 
        "tid": "14387249", 
        "price": "120955000", 
        "type": "sell", 
        "amount": "0.00827393"
    }, 
    {
        "date": "1579359187", 
        "tid": "14387248", 
        "price": "120981000", 
        "type": "buy", 
        "amount": "0.49446226"
    }, 
    {
        "date": "1579359186", 
        "tid": "14387247", 
        "price": "120981000", 
        "type": "buy", 
        "amount": "0.00838534"
    }, 
    {
        "date": "1579359186", 
        "tid": "14387246", 
        "price": "120959000", 
        "type": "buy", 
        "amount": "0.00244108"
    }, 
    {
        "date": "1579359154", 
        "tid": "14387245", 
        "price": "120955000", 
        "type": "sell", 
        "amount": "0.00063308"
    }, 
    {
        "date": "1579359137", 
        "tid": "14387244", 
        "price": "120955000", 
        "type": "buy", 
        "amount": "0.04849097"
    }, 
    {
        "date": "1579359137", 
        "tid": "14387243", 
        "price": "120928000", 
        "type": "buy", 
        "amount": "0.00244108"
    }, 
    {
        "date": "1579359137", 
        "tid": "14387242", 
        "price": "120920000", 
        "type": "buy", 
        "amount": "0.00087443"
    }, 
    {
        "date": "1579359137", 
        "tid": "14387241", 
        "price": "120914000", 
        "type": "buy", 
        "amount": "0.00077960"
    }, 
    {
        "date": "1579359089", 
        "tid": "14387240", 
        "price": "120897000", 
        "type": "buy", 
        "amount": "0.00035343"
    }, 
    {
        "date": "1579359089", 
        "tid": "14387239", 
        "price": "120867000", 
        "type": "buy", 
        "amount": "0.00244108"
    }, 
    {
        "date": "1579359089", 
        "tid": "14387238", 
        "price": "120836000", 
        "type": "buy", 
        "amount": "0.00244108"
    }, 
    {
        "date": "1579359034", 
        "tid": "14387237", 
        "price": "120777000", 
        "type": "sell", 
        "amount": "0.00091699"
    }, 
    {
        "date": "1579359034", 
        "tid": "14387236", 
        "price": "120806000", 
        "type": "sell", 
        "amount": "0.00169018"
    }, 
    {
        "date": "1579359019", 
        "tid": "14387235", 
        "price": "120806000", 
        "type": "sell", 
        "amount": "0.00075089"
    }, 
    {
        "date": "1579359019", 
        "tid": "14387234", 
        "price": "120836000", 
        "type": "sell", 
        "amount": "0.00244109"
    }, 
    {
        "date": "1579358993", 
        "tid": "14387233", 
        "price": "120897000", 
        "type": "buy", 
        "amount": "0.00037055"
    }, 
    {
        "date": "1579358993", 
        "tid": "14387232", 
        "price": "120867000", 
        "type": "buy", 
        "amount": "0.00004180"
    }, 
    {
        "date": "1579358986", 
        "tid": "14387231", 
        "price": "120867000", 
        "type": "buy", 
        "amount": "0.00239928"
    }, 
    {
        "date": "1579358986", 
        "tid": "14387230", 
        "price": "120836000", 
        "type": "buy", 
        "amount": "0.00087574"
    }, 
    {
        "date": "1579358958", 
        "tid": "14387229", 
        "price": "120836000", 
        "type": "buy", 
        "amount": "0.00075098"
    }, 
    {
        "date": "1579358893", 
        "tid": "14387228", 
        "price": "120836000", 
        "type": "buy", 
        "amount": "0.00081436"
    }, 
    {
        "date": "1579358858", 
        "tid": "14387227", 
        "price": "120775000", 
        "type": "sell", 
        "amount": "0.00156361"
    }, 
    {
        "date": "1579358858", 
        "tid": "14387226", 
        "price": "120805000", 
        "type": "sell", 
        "amount": "0.00087443"
    }, 
    {
        "date": "1579358858", 
        "tid": "14387225", 
        "price": "120806000", 
        "type": "sell", 
        "amount": "0.00030357"
    }, 
    {
        "date": "1579358857", 
        "tid": "14387224", 
        "price": "120806000", 
        "type": "sell", 
        "amount": "0.00042451"
    }, 
    {
        "date": "1579358839", 
        "tid": "14387223", 
        "price": "120806000", 
        "type": "sell", 
        "amount": "0.00171300"
    }, 
    {
        "date": "1579358839", 
        "tid": "14387222", 
        "price": "120836000", 
        "type": "sell", 
        "amount": "0.00244109"
    }, 
    {
        "date": "1579358826", 
        "tid": "14387221", 
        "price": "120897000", 
        "type": "buy", 
        "amount": "0.00171710"
    }, 
    {
        "date": "1579358826", 
        "tid": "14387220", 
        "price": "120867000", 
        "type": "buy", 
        "amount": "0.00244108"
    }, 
    {
        "date": "1579358826", 
        "tid": "14387219", 
        "price": "120836000", 
        "type": "buy", 
        "amount": "0.00244108"
    }, 
    {
        "date": "1579358793", 
        "tid": "14387218", 
        "price": "120806000", 
        "type": "sell", 
        "amount": "0.08793666"
    }, 
    {
        "date": "1579358793", 
        "tid": "14387217", 
        "price": "120829000", 
        "type": "sell", 
        "amount": "0.00214571"
    }, 
    {
        "date": "1579358793", 
        "tid": "14387216", 
        "price": "120831000", 
        "type": "sell", 
        "amount": "0.04849097"
    }, 
    {
        "date": "1579358793", 
        "tid": "14387215", 
        "price": "120832000", 
        "type": "sell", 
        "amount": "0.00760934"
    }, 
    {
        "date": "1579358793", 
        "tid": "14387214", 
        "price": "120836000", 
        "type": "sell", 
        "amount": "0.00244109"
    }, 
    {
        "date": "1579358793", 
        "tid": "14387213", 
        "price": "120850000", 
        "type": "sell", 
        "amount": "0.00422100"
    }, 
    {
        "date": "1579358793", 
        "tid": "14387212", 
        "price": "120867000", 
        "type": "sell", 
        "amount": "0.00244107"
    }, 
    {
        "date": "1579358793", 
        "tid": "14387211", 
        "price": "120871000", 
        "type": "sell", 
        "amount": "0.00574366"
    }, 
    {
        "date": "1579358793", 
        "tid": "14387210", 
        "price": "120897000", 
        "type": "sell", 
        "amount": "0.00355083"
    }, 
    {
        "date": "1579358793", 
        "tid": "14387209", 
        "price": "120914000", 
        "type": "sell", 
        "amount": "0.00077960"
    }, 
    {
        "date": "1579358793", 
        "tid": "14387208", 
        "price": "120928000", 
        "type": "sell", 
        "amount": "0.00244108"
    }, 
    {
        "date": "1579358793", 
        "tid": "14387207", 
        "price": "120950000", 
        "type": "sell", 
        "amount": "0.01233416"
    }, 
    {
        "date": "1579358793", 
        "tid": "14387206", 
        "price": "120959000", 
        "type": "sell", 
        "amount": "0.00244108"
    }, 
    {
        "date": "1579358793", 
        "tid": "14387205", 
        "price": "120972000", 
        "type": "sell", 
        "amount": "0.04187923"
    }, 
    {
        "date": "1579358793", 
        "tid": "14387204", 
        "price": "120980000", 
        "type": "sell", 
        "amount": "0.10327248"
    }, 
    {
        "date": "1579358734", 
        "tid": "14387203", 
        "price": "120981000", 
        "type": "buy", 
        "amount": "0.41192429"
    }, 
    {
        "date": "1579358721", 
        "tid": "14387202", 
        "price": "120982000", 
        "type": "buy", 
        "amount": "0.00041205"
    }, 
    {
        "date": "1579358708", 
        "tid": "14387201", 
        "price": "120981000", 
        "type": "sell", 
        "amount": "0.00101676"
    }, 
    {
        "date": "1579358690", 
        "tid": "14387200", 
        "price": "121000000", 
        "type": "buy", 
        "amount": "0.00823974"
    }, 
    {
        "date": "1579358689", 
        "tid": "14387199", 
        "price": "121000000", 
        "type": "buy", 
        "amount": "0.00629600"
    }, 
    {
        "date": "1579358606", 
        "tid": "14387198", 
        "price": "121000000", 
        "type": "buy", 
        "amount": "0.00042023"
    }, 
    {
        "date": "1579358587", 
        "tid": "14387197", 
        "price": "120982000", 
        "type": "sell", 
        "amount": "0.01529964"
    }
]