[
    {
        "date": "1579351428", 
        "tid": "14386767", 
        "price": "120575000", 
        "type": "buy", 
        "amount": "0.00753459"
    }, 
    {
        "date": "1579351428", 
        "tid": "14386766", 
        "price": "120574000", 
        "type": "buy", 
        "amount": "0.01727195"
    }, 
    {
        "date": "1579351382", 
        "tid": "14386765", 
        "price": "120574000", 
        "type": "buy", 
        "amount": "0.00411963"
    }, 
    {
        "date": "1579351258", 
        "tid": "14386764", 
        "price": "120574000", 
        "type": "sell", 
        "amount": "0.00121915"
    }, 
    {
        "date": "1579351110", 
        "tid": "14386763", 
        "price": "120600000", 
        "type": "buy", 
        "amount": "0.00162861"
    }, 
    {
        "date": "1579351078", 
        "tid": "14386762", 
        "price": "120600000", 
        "type": "buy", 
        "amount": "0.00077998"
    }, 
    {
        "date": "1579351077", 
        "tid": "14386761", 
        "price": "120600000", 
        "type": "buy", 
        "amount": "0.00078053"
    }, 
    {
        "date": "1579351077", 
        "tid": "14386760", 
        "price": "120600000", 
        "type": "buy", 
        "amount": "0.00078108"
    }, 
    {
        "date": "1579351076", 
        "tid": "14386759", 
        "price": "120600000", 
        "type": "buy", 
        "amount": "0.00078164"
    }, 
    {
        "date": "1579351072", 
        "tid": "14386758", 
        "price": "120600000", 
        "type": "buy", 
        "amount": "0.00078218"
    }, 
    {
        "date": "1579351072", 
        "tid": "14386757", 
        "price": "120600000", 
        "type": "buy", 
        "amount": "0.00078273"
    }, 
    {
        "date": "1579351071", 
        "tid": "14386756", 
        "price": "120600000", 
        "type": "buy", 
        "amount": "0.00078328"
    }, 
    {
        "date": "1579351070", 
        "tid": "14386755", 
        "price": "120600000", 
        "type": "buy", 
        "amount": "0.00078383"
    }, 
    {
        "date": "1579351070", 
        "tid": "14386754", 
        "price": "120600000", 
        "type": "buy", 
        "amount": "0.00078438"
    }, 
    {
        "date": "1579351069", 
        "tid": "14386753", 
        "price": "120600000", 
        "type": "buy", 
        "amount": "0.00078494"
    }, 
    {
        "date": "1579351069", 
        "tid": "14386752", 
        "price": "120600000", 
        "type": "buy", 
        "amount": "0.00078548"
    }, 
    {
        "date": "1579351068", 
        "tid": "14386751", 
        "price": "120600000", 
        "type": "buy", 
        "amount": "0.00078603"
    }, 
    {
        "date": "1579351067", 
        "tid": "14386750", 
        "price": "120600000", 
        "type": "buy", 
        "amount": "0.00078659"
    }, 
    {
        "date": "1579351067", 
        "tid": "14386749", 
        "price": "120600000", 
        "type": "buy", 
        "amount": "0.00078713"
    }, 
    {
        "date": "1579351066", 
        "tid": "14386748", 
        "price": "120600000", 
        "type": "buy", 
        "amount": "0.00078769"
    }, 
    {
        "date": "1579351065", 
        "tid": "14386747", 
        "price": "120600000", 
        "type": "buy", 
        "amount": "0.00078823"
    }, 
    {
        "date": "1579351065", 
        "tid": "14386746", 
        "price": "120600000", 
        "type": "buy", 
        "amount": "0.00078878"
    }, 
    {
        "date": "1579351064", 
        "tid": "14386745", 
        "price": "120600000", 
        "type": "buy", 
        "amount": "0.00078933"
    }, 
    {
        "date": "1579351063", 
        "tid": "14386744", 
        "price": "120600000", 
        "type": "buy", 
        "amount": "0.00078989"
    }, 
    {
        "date": "1579351063", 
        "tid": "14386743", 
        "price": "120600000", 
        "type": "buy", 
        "amount": "0.00079043"
    }, 
    {
        "date": "1579351062", 
        "tid": "14386742", 
        "price": "120600000", 
        "type": "buy", 
        "amount": "0.00079098"
    }, 
    {
        "date": "1579351061", 
        "tid": "14386741", 
        "price": "120600000", 
        "type": "buy", 
        "amount": "0.00079154"
    }, 
    {
        "date": "1579351061", 
        "tid": "14386740", 
        "price": "120600000", 
        "type": "buy", 
        "amount": "0.00079208"
    }, 
    {
        "date": "1579351060", 
        "tid": "14386739", 
        "price": "120600000", 
        "type": "buy", 
        "amount": "0.00079264"
    }, 
    {
        "date": "1579351059", 
        "tid": "14386738", 
        "price": "120600000", 
        "type": "buy", 
        "amount": "0.00079319"
    }, 
    {
        "date": "1579351059", 
        "tid": "14386737", 
        "price": "120600000", 
        "type": "buy", 
        "amount": "0.00079373"
    }, 
    {
        "date": "1579351058", 
        "tid": "14386736", 
        "price": "120600000", 
        "type": "buy", 
        "amount": "0.00079428"
    }, 
    {
        "date": "1579351058", 
        "tid": "14386735", 
        "price": "120600000", 
        "type": "buy", 
        "amount": "0.00079484"
    }, 
    {
        "date": "1579351057", 
        "tid": "14386734", 
        "price": "120600000", 
        "type": "buy", 
        "amount": "0.00079538"
    }, 
    {
        "date": "1579351056", 
        "tid": "14386733", 
        "price": "120600000", 
        "type": "buy", 
        "amount": "0.00079594"
    }, 
    {
        "date": "1579351056", 
        "tid": "14386732", 
        "price": "120600000", 
        "type": "buy", 
        "amount": "0.00079648"
    }, 
    {
        "date": "1579351055", 
        "tid": "14386731", 
        "price": "120600000", 
        "type": "buy", 
        "amount": "0.00079703"
    }, 
    {
        "date": "1579351054", 
        "tid": "14386730", 
        "price": "120600000", 
        "type": "buy", 
        "amount": "0.00079759"
    }, 
    {
        "date": "1579351054", 
        "tid": "14386729", 
        "price": "120600000", 
        "type": "buy", 
        "amount": "0.00079814"
    }, 
    {
        "date": "1579351053", 
        "tid": "14386728", 
        "price": "120600000", 
        "type": "buy", 
        "amount": "0.00079869"
    }, 
    {
        "date": "1579351052", 
        "tid": "14386727", 
        "price": "120600000", 
        "type": "buy", 
        "amount": "0.00079923"
    }, 
    {
        "date": "1579351052", 
        "tid": "14386726", 
        "price": "120600000", 
        "type": "buy", 
        "amount": "0.00079979"
    }, 
    {
        "date": "1579351051", 
        "tid": "14386725", 
        "price": "120600000", 
        "type": "buy", 
        "amount": "0.00080034"
    }, 
    {
        "date": "1579351050", 
        "tid": "14386724", 
        "price": "120600000", 
        "type": "buy", 
        "amount": "0.00080089"
    }, 
    {
        "date": "1579351049", 
        "tid": "14386723", 
        "price": "120600000", 
        "type": "buy", 
        "amount": "0.00080144"
    }, 
    {
        "date": "1579351049", 
        "tid": "14386722", 
        "price": "120600000", 
        "type": "buy", 
        "amount": "0.00080199"
    }, 
    {
        "date": "1579351048", 
        "tid": "14386721", 
        "price": "120600000", 
        "type": "buy", 
        "amount": "0.00080254"
    }, 
    {
        "date": "1579351047", 
        "tid": "14386720", 
        "price": "120600000", 
        "type": "buy", 
        "amount": "0.00080309"
    }, 
    {
        "date": "1579351047", 
        "tid": "14386719", 
        "price": "120600000", 
        "type": "buy", 
        "amount": "0.00080364"
    }, 
    {
        "date": "1579351046", 
        "tid": "14386718", 
        "price": "120600000", 
        "type": "buy", 
        "amount": "0.00080419"
    }, 
    {
        "date": "1579351045", 
        "tid": "14386717", 
        "price": "120600000", 
        "type": "buy", 
        "amount": "0.00080474"
    }, 
    {
        "date": "1579351045", 
        "tid": "14386716", 
        "price": "120600000", 
        "type": "buy", 
        "amount": "0.00080529"
    }, 
    {
        "date": "1579351044", 
        "tid": "14386715", 
        "price": "120600000", 
        "type": "buy", 
        "amount": "0.00080584"
    }, 
    {
        "date": "1579351043", 
        "tid": "14386714", 
        "price": "120600000", 
        "type": "buy", 
        "amount": "0.00080639"
    }, 
    {
        "date": "1579351043", 
        "tid": "14386713", 
        "price": "120600000", 
        "type": "buy", 
        "amount": "0.00080694"
    }, 
    {
        "date": "1579351042", 
        "tid": "14386712", 
        "price": "120600000", 
        "type": "buy", 
        "amount": "0.00080748"
    }, 
    {
        "date": "1579351011", 
        "tid": "14386711", 
        "price": "120600000", 
        "type": "buy", 
        "amount": "0.01328551"
    }, 
    {
        "date": "1579351001", 
        "tid": "14386710", 
        "price": "120600000", 
        "type": "buy", 
        "amount": "0.00296211"
    }, 
    {
        "date": "1579351001", 
        "tid": "14386709", 
        "price": "120597000", 
        "type": "buy", 
        "amount": "0.01358989"
    }, 
    {
        "date": "1579350953", 
        "tid": "14386708", 
        "price": "120402000", 
        "type": "sell", 
        "amount": "0.01174089"
    }, 
    {
        "date": "1579350943", 
        "tid": "14386707", 
        "price": "120402000", 
        "type": "sell", 
        "amount": "0.00184900"
    }, 
    {
        "date": "1579350938", 
        "tid": "14386706", 
        "price": "120599000", 
        "type": "buy", 
        "amount": "0.08985287"
    }, 
    {
        "date": "1579350938", 
        "tid": "14386705", 
        "price": "120591000", 
        "type": "buy", 
        "amount": "0.04146280"
    }, 
    {
        "date": "1579350938", 
        "tid": "14386704", 
        "price": "120590000", 
        "type": "buy", 
        "amount": "0.01858829"
    }, 
    {
        "date": "1579350907", 
        "tid": "14386703", 
        "price": "120590000", 
        "type": "buy", 
        "amount": "0.02480614"
    }, 
    {
        "date": "1579350869", 
        "tid": "14386702", 
        "price": "120590000", 
        "type": "buy", 
        "amount": "0.00052087"
    }, 
    {
        "date": "1579350820", 
        "tid": "14386701", 
        "price": "120595000", 
        "type": "buy", 
        "amount": "0.41164968"
    }, 
    {
        "date": "1579350820", 
        "tid": "14386700", 
        "price": "120591000", 
        "type": "buy", 
        "amount": "0.00172116"
    }, 
    {
        "date": "1579350766", 
        "tid": "14386699", 
        "price": "120401000", 
        "type": "sell", 
        "amount": "0.02821551"
    }, 
    {
        "date": "1579350726", 
        "tid": "14386698", 
        "price": "120401000", 
        "type": "sell", 
        "amount": "0.00153456"
    }, 
    {
        "date": "1579350662", 
        "tid": "14386697", 
        "price": "120600000", 
        "type": "buy", 
        "amount": "0.00576781"
    }, 
    {
        "date": "1579350662", 
        "tid": "14386696", 
        "price": "120450000", 
        "type": "buy", 
        "amount": "0.00085181"
    }, 
    {
        "date": "1579350634", 
        "tid": "14386695", 
        "price": "120401000", 
        "type": "sell", 
        "amount": "0.00102310"
    }, 
    {
        "date": "1579350618", 
        "tid": "14386694", 
        "price": "120600000", 
        "type": "buy", 
        "amount": "0.00061456"
    }, 
    {
        "date": "1579350588", 
        "tid": "14386693", 
        "price": "120401000", 
        "type": "sell", 
        "amount": "0.00384186"
    }, 
    {
        "date": "1579350372", 
        "tid": "14386692", 
        "price": "120600000", 
        "type": "buy", 
        "amount": "0.00042162"
    }, 
    {
        "date": "1579350330", 
        "tid": "14386691", 
        "price": "120392000", 
        "type": "sell", 
        "amount": "0.00055692"
    }, 
    {
        "date": "1579350313", 
        "tid": "14386690", 
        "price": "120634000", 
        "type": "buy", 
        "amount": "0.00042150"
    }, 
    {
        "date": "1579350283", 
        "tid": "14386689", 
        "price": "120646000", 
        "type": "sell", 
        "amount": "0.00730767"
    }, 
    {
        "date": "1579350254", 
        "tid": "14386688", 
        "price": "120650000", 
        "type": "buy", 
        "amount": "0.00041463"
    }, 
    {
        "date": "1579350173", 
        "tid": "14386687", 
        "price": "120701000", 
        "type": "buy", 
        "amount": "1.12725786"
    }, 
    {
        "date": "1579350173", 
        "tid": "14386686", 
        "price": "120670000", 
        "type": "buy", 
        "amount": "0.00067890"
    }, 
    {
        "date": "1579350173", 
        "tid": "14386685", 
        "price": "120661000", 
        "type": "buy", 
        "amount": "0.00392500"
    }, 
    {
        "date": "1579350173", 
        "tid": "14386684", 
        "price": "120632000", 
        "type": "buy", 
        "amount": "0.00044034"
    }, 
    {
        "date": "1579350173", 
        "tid": "14386683", 
        "price": "120625000", 
        "type": "buy", 
        "amount": "0.03846458"
    }, 
    {
        "date": "1579350173", 
        "tid": "14386682", 
        "price": "120619000", 
        "type": "buy", 
        "amount": "0.00256592"
    }, 
    {
        "date": "1579350173", 
        "tid": "14386681", 
        "price": "120617000", 
        "type": "buy", 
        "amount": "0.00112200"
    }, 
    {
        "date": "1579350173", 
        "tid": "14386680", 
        "price": "120600000", 
        "type": "buy", 
        "amount": "0.00908438"
    }, 
    {
        "date": "1579350173", 
        "tid": "14386679", 
        "price": "120594000", 
        "type": "buy", 
        "amount": "0.02512563"
    }, 
    {
        "date": "1579350173", 
        "tid": "14386678", 
        "price": "120565000", 
        "type": "buy", 
        "amount": "0.00074470"
    }, 
    {
        "date": "1579350173", 
        "tid": "14386677", 
        "price": "120560000", 
        "type": "buy", 
        "amount": "0.25006422"
    }, 
    {
        "date": "1579350173", 
        "tid": "14386676", 
        "price": "120533000", 
        "type": "buy", 
        "amount": "0.00474037"
    }, 
    {
        "date": "1579350173", 
        "tid": "14386675", 
        "price": "120501000", 
        "type": "buy", 
        "amount": "0.00074812"
    }, 
    {
        "date": "1579350173", 
        "tid": "14386674", 
        "price": "120500000", 
        "type": "buy", 
        "amount": "0.04203295"
    }, 
    {
        "date": "1579350173", 
        "tid": "14386673", 
        "price": "120495000", 
        "type": "buy", 
        "amount": "0.14571398"
    }, 
    {
        "date": "1579350097", 
        "tid": "14386672", 
        "price": "120469000", 
        "type": "sell", 
        "amount": "0.00768006"
    }, 
    {
        "date": "1579350087", 
        "tid": "14386671", 
        "price": "120469000", 
        "type": "sell", 
        "amount": "0.00554395"
    }, 
    {
        "date": "1579350087", 
        "tid": "14386670", 
        "price": "120470000", 
        "type": "sell", 
        "amount": "0.00172116"
    }, 
    {
        "date": "1579350087", 
        "tid": "14386669", 
        "price": "120494000", 
        "type": "sell", 
        "amount": "0.00041495"
    }, 
    {
        "date": "1579350080", 
        "tid": "14386668", 
        "price": "120495000", 
        "type": "buy", 
        "amount": "0.23439765"
    }, 
    {
        "date": "1579350048", 
        "tid": "14386667", 
        "price": "120349000", 
        "type": "sell", 
        "amount": "0.00226747"
    }, 
    {
        "date": "1579350047", 
        "tid": "14386666", 
        "price": "120495000", 
        "type": "buy", 
        "amount": "0.58304843"
    }, 
    {
        "date": "1579350047", 
        "tid": "14386665", 
        "price": "120491000", 
        "type": "buy", 
        "amount": "0.01000000"
    }, 
    {
        "date": "1579350047", 
        "tid": "14386664", 
        "price": "120400000", 
        "type": "buy", 
        "amount": "0.02570278"
    }, 
    {
        "date": "1579350047", 
        "tid": "14386663", 
        "price": "120350000", 
        "type": "buy", 
        "amount": "0.20894854"
    }, 
    {
        "date": "1579350035", 
        "tid": "14386662", 
        "price": "120349000", 
        "type": "sell", 
        "amount": "0.00092152"
    }, 
    {
        "date": "1579349988", 
        "tid": "14386661", 
        "price": "120350000", 
        "type": "buy", 
        "amount": "0.27342606"
    }, 
    {
        "date": "1579349987", 
        "tid": "14386660", 
        "price": "120349000", 
        "type": "sell", 
        "amount": "0.00737279"
    }, 
    {
        "date": "1579349962", 
        "tid": "14386659", 
        "price": "120349000", 
        "type": "sell", 
        "amount": "0.01504651"
    }, 
    {
        "date": "1579349955", 
        "tid": "14386658", 
        "price": "120349000", 
        "type": "sell", 
        "amount": "0.01504651"
    }, 
    {
        "date": "1579349948", 
        "tid": "14386657", 
        "price": "120349000", 
        "type": "sell", 
        "amount": "0.04371040"
    }, 
    {
        "date": "1579349944", 
        "tid": "14386656", 
        "price": "120349000", 
        "type": "sell", 
        "amount": "0.01504651"
    }, 
    {
        "date": "1579349938", 
        "tid": "14386655", 
        "price": "120349000", 
        "type": "sell", 
        "amount": "0.30522984"
    }, 
    {
        "date": "1579349895", 
        "tid": "14386654", 
        "price": "120349000", 
        "type": "sell", 
        "amount": "0.00376162"
    }, 
    {
        "date": "1579349884", 
        "tid": "14386653", 
        "price": "120349000", 
        "type": "sell", 
        "amount": "0.01579883"
    }, 
    {
        "date": "1579349870", 
        "tid": "14386652", 
        "price": "120349000", 
        "type": "sell", 
        "amount": "0.00158052"
    }, 
    {
        "date": "1579349841", 
        "tid": "14386651", 
        "price": "120300000", 
        "type": "buy", 
        "amount": "0.30522984"
    }, 
    {
        "date": "1579349836", 
        "tid": "14386650", 
        "price": "120300000", 
        "type": "buy", 
        "amount": "0.00246144"
    }, 
    {
        "date": "1579349833", 
        "tid": "14386649", 
        "price": "120299000", 
        "type": "sell", 
        "amount": "0.01505276"
    }, 
    {
        "date": "1579349819", 
        "tid": "14386648", 
        "price": "120300000", 
        "type": "buy", 
        "amount": "0.02418900"
    }, 
    {
        "date": "1579349815", 
        "tid": "14386647", 
        "price": "120299000", 
        "type": "sell", 
        "amount": "0.00293501"
    }, 
    {
        "date": "1579349793", 
        "tid": "14386646", 
        "price": "120299000", 
        "type": "sell", 
        "amount": "0.00491221"
    }, 
    {
        "date": "1579349777", 
        "tid": "14386645", 
        "price": "120299000", 
        "type": "sell", 
        "amount": "0.00223282"
    }, 
    {
        "date": "1579349773", 
        "tid": "14386644", 
        "price": "120300000", 
        "type": "buy", 
        "amount": "0.00287583"
    }, 
    {
        "date": "1579349769", 
        "tid": "14386643", 
        "price": "120299000", 
        "type": "sell", 
        "amount": "0.00163740"
    }, 
    {
        "date": "1579349725", 
        "tid": "14386642", 
        "price": "120299000", 
        "type": "sell", 
        "amount": "0.00090723"
    }, 
    {
        "date": "1579349720", 
        "tid": "14386641", 
        "price": "120300000", 
        "type": "buy", 
        "amount": "0.00136791"
    }, 
    {
        "date": "1579349632", 
        "tid": "14386640", 
        "price": "120299000", 
        "type": "sell", 
        "amount": "0.05814840"
    }, 
    {
        "date": "1579349631", 
        "tid": "14386639", 
        "price": "120299000", 
        "type": "sell", 
        "amount": "0.01540000"
    }, 
    {
        "date": "1579349522", 
        "tid": "14386638", 
        "price": "120299000", 
        "type": "sell", 
        "amount": "0.03599386"
    }, 
    {
        "date": "1579349465", 
        "tid": "14386637", 
        "price": "120299000", 
        "type": "sell", 
        "amount": "0.05000000"
    }, 
    {
        "date": "1579349414", 
        "tid": "14386636", 
        "price": "120299000", 
        "type": "sell", 
        "amount": "0.00850000"
    }, 
    {
        "date": "1579349405", 
        "tid": "14386635", 
        "price": "120300000", 
        "type": "buy", 
        "amount": "0.00377919"
    }, 
    {
        "date": "1579349400", 
        "tid": "14386634", 
        "price": "120299000", 
        "type": "sell", 
        "amount": "0.00346714"
    }, 
    {
        "date": "1579349377", 
        "tid": "14386633", 
        "price": "120300000", 
        "type": "buy", 
        "amount": "0.00079561"
    }, 
    {
        "date": "1579349374", 
        "tid": "14386632", 
        "price": "120300000", 
        "type": "buy", 
        "amount": "0.00801536"
    }, 
    {
        "date": "1579349358", 
        "tid": "14386631", 
        "price": "120300000", 
        "type": "buy", 
        "amount": "0.00804300"
    }, 
    {
        "date": "1579349319", 
        "tid": "14386630", 
        "price": "120300000", 
        "type": "buy", 
        "amount": "0.04134939"
    }, 
    {
        "date": "1579349199", 
        "tid": "14386629", 
        "price": "120300000", 
        "type": "buy", 
        "amount": "0.03604316"
    }, 
    {
        "date": "1579349158", 
        "tid": "14386628", 
        "price": "120300000", 
        "type": "buy", 
        "amount": "0.02589074"
    }, 
    {
        "date": "1579349123", 
        "tid": "14386627", 
        "price": "120300000", 
        "type": "buy", 
        "amount": "0.00248630"
    }, 
    {
        "date": "1579349121", 
        "tid": "14386626", 
        "price": "120299000", 
        "type": "sell", 
        "amount": "0.00045422"
    }, 
    {
        "date": "1579349097", 
        "tid": "14386625", 
        "price": "120299000", 
        "type": "sell", 
        "amount": "0.00058000"
    }, 
    {
        "date": "1579349086", 
        "tid": "14386624", 
        "price": "120299000", 
        "type": "sell", 
        "amount": "0.01320757"
    }, 
    {
        "date": "1579349064", 
        "tid": "14386623", 
        "price": "120299000", 
        "type": "sell", 
        "amount": "0.00245506"
    }, 
    {
        "date": "1579348971", 
        "tid": "14386622", 
        "price": "120300000", 
        "type": "buy", 
        "amount": "0.00288900"
    }, 
    {
        "date": "1579348970", 
        "tid": "14386621", 
        "price": "120300000", 
        "type": "buy", 
        "amount": "0.00223768"
    }, 
    {
        "date": "1579348953", 
        "tid": "14386620", 
        "price": "120300000", 
        "type": "buy", 
        "amount": "0.01085687"
    }, 
    {
        "date": "1579348950", 
        "tid": "14386619", 
        "price": "120300000", 
        "type": "buy", 
        "amount": "0.01085687"
    }, 
    {
        "date": "1579348947", 
        "tid": "14386618", 
        "price": "120300000", 
        "type": "buy", 
        "amount": "0.01995184"
    }
]