[
    {
        "date": "1579360419", 
        "tid": "14387289", 
        "price": "120898000", 
        "type": "buy", 
        "amount": "0.00989603"
    }, 
    {
        "date": "1579360381", 
        "tid": "14387288", 
        "price": "120898000", 
        "type": "buy", 
        "amount": "0.20387335"
    }, 
    {
        "date": "1579360361", 
        "tid": "14387287", 
        "price": "120898000", 
        "type": "buy", 
        "amount": "0.00042058"
    }, 
    {
        "date": "1579360358", 
        "tid": "14387286", 
        "price": "120898000", 
        "type": "buy", 
        "amount": "0.00051001"
    }, 
    {
        "date": "1579360350", 
        "tid": "14387285", 
        "price": "120898000", 
        "type": "buy", 
        "amount": "0.00042058"
    }, 
    {
        "date": "1579360339", 
        "tid": "14387284", 
        "price": "120898000", 
        "type": "buy", 
        "amount": "0.00123700"
    }, 
    {
        "date": "1579360337", 
        "tid": "14387283", 
        "price": "120898000", 
        "type": "buy", 
        "amount": "0.00348010"
    }, 
    {
        "date": "1579360336", 
        "tid": "14387282", 
        "price": "120898000", 
        "type": "buy", 
        "amount": "0.00610255"
    }, 
    {
        "date": "1579360296", 
        "tid": "14387281", 
        "price": "120897000", 
        "type": "sell", 
        "amount": "0.00102094"
    }, 
    {
        "date": "1579360275", 
        "tid": "14387280", 
        "price": "120897000", 
        "type": "sell", 
        "amount": "0.03253689"
    }, 
    {
        "date": "1579360263", 
        "tid": "14387279", 
        "price": "120898000", 
        "type": "buy", 
        "amount": "0.00042058"
    }, 
    {
        "date": "1579360254", 
        "tid": "14387278", 
        "price": "120898000", 
        "type": "buy", 
        "amount": "0.00042058"
    }, 
    {
        "date": "1579360244", 
        "tid": "14387277", 
        "price": "120898000", 
        "type": "buy", 
        "amount": "0.00042058"
    }, 
    {
        "date": "1579360220", 
        "tid": "14387276", 
        "price": "120897000", 
        "type": "sell", 
        "amount": "0.01458344"
    }, 
    {
        "date": "1579360220", 
        "tid": "14387275", 
        "price": "120898000", 
        "type": "buy", 
        "amount": "0.00066504"
    }, 
    {
        "date": "1579360215", 
        "tid": "14387274", 
        "price": "120898000", 
        "type": "buy", 
        "amount": "0.00074220"
    }, 
    {
        "date": "1579360214", 
        "tid": "14387273", 
        "price": "120898000", 
        "type": "buy", 
        "amount": "0.00056759"
    }, 
    {
        "date": "1579360188", 
        "tid": "14387272", 
        "price": "120898000", 
        "type": "buy", 
        "amount": "0.00824669"
    }, 
    {
        "date": "1579360118", 
        "tid": "14387271", 
        "price": "120898000", 
        "type": "buy", 
        "amount": "0.15668721"
    }, 
    {
        "date": "1579360092", 
        "tid": "14387270", 
        "price": "120897000", 
        "type": "sell", 
        "amount": "0.00044576"
    }, 
    {
        "date": "1579360065", 
        "tid": "14387269", 
        "price": "120898000", 
        "type": "buy", 
        "amount": "0.01223979"
    }, 
    {
        "date": "1579360053", 
        "tid": "14387268", 
        "price": "120897000", 
        "type": "sell", 
        "amount": "0.00051470"
    }, 
    {
        "date": "1579360050", 
        "tid": "14387267", 
        "price": "120897000", 
        "type": "sell", 
        "amount": "0.00066564"
    }, 
    {
        "date": "1579360045", 
        "tid": "14387266", 
        "price": "120897000", 
        "type": "sell", 
        "amount": "0.00066946"
    }, 
    {
        "date": "1579359936", 
        "tid": "14387265", 
        "price": "120897000", 
        "type": "sell", 
        "amount": "0.00200000"
    }, 
    {
        "date": "1579359910", 
        "tid": "14387264", 
        "price": "120897000", 
        "type": "sell", 
        "amount": "0.03200000"
    }, 
    {
        "date": "1579359812", 
        "tid": "14387263", 
        "price": "120897000", 
        "type": "sell", 
        "amount": "0.00776450"
    }, 
    {
        "date": "1579359675", 
        "tid": "14387262", 
        "price": "120897000", 
        "type": "sell", 
        "amount": "0.02040816"
    }, 
    {
        "date": "1579359650", 
        "tid": "14387261", 
        "price": "120898000", 
        "type": "buy", 
        "amount": "0.00121226"
    }, 
    {
        "date": "1579359646", 
        "tid": "14387260", 
        "price": "120897000", 
        "type": "sell", 
        "amount": "0.00081249"
    }, 
    {
        "date": "1579359564", 
        "tid": "14387259", 
        "price": "120898000", 
        "type": "buy", 
        "amount": "0.00909610"
    }, 
    {
        "date": "1579359525", 
        "tid": "14387258", 
        "price": "120897000", 
        "type": "sell", 
        "amount": "0.00042088"
    }, 
    {
        "date": "1579359501", 
        "tid": "14387257", 
        "price": "120898000", 
        "type": "buy", 
        "amount": "0.03253689"
    }, 
    {
        "date": "1579359488", 
        "tid": "14387256", 
        "price": "120898000", 
        "type": "buy", 
        "amount": "0.01724403"
    }, 
    {
        "date": "1579359463", 
        "tid": "14387255", 
        "price": "120897000", 
        "type": "sell", 
        "amount": "0.00092183"
    }, 
    {
        "date": "1579359301", 
        "tid": "14387254", 
        "price": "120897000", 
        "type": "sell", 
        "amount": "0.00042097"
    }, 
    {
        "date": "1579359259", 
        "tid": "14387253", 
        "price": "120897000", 
        "type": "sell", 
        "amount": "0.00045275"
    }, 
    {
        "date": "1579359247", 
        "tid": "14387252", 
        "price": "120897000", 
        "type": "sell", 
        "amount": "0.01628484"
    }, 
    {
        "date": "1579359247", 
        "tid": "14387251", 
        "price": "120928000", 
        "type": "sell", 
        "amount": "0.00244108"
    }, 
    {
        "date": "1579359221", 
        "tid": "14387250", 
        "price": "120955000", 
        "type": "sell", 
        "amount": "0.02267086"
    }, 
    {
        "date": "1579359217", 
        "tid": "14387249", 
        "price": "120955000", 
        "type": "sell", 
        "amount": "0.00827393"
    }, 
    {
        "date": "1579359187", 
        "tid": "14387248", 
        "price": "120981000", 
        "type": "buy", 
        "amount": "0.49446226"
    }, 
    {
        "date": "1579359186", 
        "tid": "14387247", 
        "price": "120981000", 
        "type": "buy", 
        "amount": "0.00838534"
    }, 
    {
        "date": "1579359186", 
        "tid": "14387246", 
        "price": "120959000", 
        "type": "buy", 
        "amount": "0.00244108"
    }, 
    {
        "date": "1579359154", 
        "tid": "14387245", 
        "price": "120955000", 
        "type": "sell", 
        "amount": "0.00063308"
    }, 
    {
        "date": "1579359137", 
        "tid": "14387244", 
        "price": "120955000", 
        "type": "buy", 
        "amount": "0.04849097"
    }, 
    {
        "date": "1579359137", 
        "tid": "14387243", 
        "price": "120928000", 
        "type": "buy", 
        "amount": "0.00244108"
    }, 
    {
        "date": "1579359137", 
        "tid": "14387242", 
        "price": "120920000", 
        "type": "buy", 
        "amount": "0.00087443"
    }, 
    {
        "date": "1579359137", 
        "tid": "14387241", 
        "price": "120914000", 
        "type": "buy", 
        "amount": "0.00077960"
    }, 
    {
        "date": "1579359089", 
        "tid": "14387240", 
        "price": "120897000", 
        "type": "buy", 
        "amount": "0.00035343"
    }, 
    {
        "date": "1579359089", 
        "tid": "14387239", 
        "price": "120867000", 
        "type": "buy", 
        "amount": "0.00244108"
    }, 
    {
        "date": "1579359089", 
        "tid": "14387238", 
        "price": "120836000", 
        "type": "buy", 
        "amount": "0.00244108"
    }, 
    {
        "date": "1579359034", 
        "tid": "14387237", 
        "price": "120777000", 
        "type": "sell", 
        "amount": "0.00091699"
    }, 
    {
        "date": "1579359034", 
        "tid": "14387236", 
        "price": "120806000", 
        "type": "sell", 
        "amount": "0.00169018"
    }, 
    {
        "date": "1579359019", 
        "tid": "14387235", 
        "price": "120806000", 
        "type": "sell", 
        "amount": "0.00075089"
    }, 
    {
        "date": "1579359019", 
        "tid": "14387234", 
        "price": "120836000", 
        "type": "sell", 
        "amount": "0.00244109"
    }, 
    {
        "date": "1579358993", 
        "tid": "14387233", 
        "price": "120897000", 
        "type": "buy", 
        "amount": "0.00037055"
    }, 
    {
        "date": "1579358993", 
        "tid": "14387232", 
        "price": "120867000", 
        "type": "buy", 
        "amount": "0.00004180"
    }, 
    {
        "date": "1579358986", 
        "tid": "14387231", 
        "price": "120867000", 
        "type": "buy", 
        "amount": "0.00239928"
    }, 
    {
        "date": "1579358986", 
        "tid": "14387230", 
        "price": "120836000", 
        "type": "buy", 
        "amount": "0.00087574"
    }, 
    {
        "date": "1579358958", 
        "tid": "14387229", 
        "price": "120836000", 
        "type": "buy", 
        "amount": "0.00075098"
    }, 
    {
        "date": "1579358893", 
        "tid": "14387228", 
        "price": "120836000", 
        "type": "buy", 
        "amount": "0.00081436"
    }, 
    {
        "date": "1579358858", 
        "tid": "14387227", 
        "price": "120775000", 
        "type": "sell", 
        "amount": "0.00156361"
    }, 
    {
        "date": "1579358858", 
        "tid": "14387226", 
        "price": "120805000", 
        "type": "sell", 
        "amount": "0.00087443"
    }, 
    {
        "date": "1579358858", 
        "tid": "14387225", 
        "price": "120806000", 
        "type": "sell", 
        "amount": "0.00030357"
    }, 
    {
        "date": "1579358857", 
        "tid": "14387224", 
        "price": "120806000", 
        "type": "sell", 
        "amount": "0.00042451"
    }, 
    {
        "date": "1579358839", 
        "tid": "14387223", 
        "price": "120806000", 
        "type": "sell", 
        "amount": "0.00171300"
    }, 
    {
        "date": "1579358839", 
        "tid": "14387222", 
        "price": "120836000", 
        "type": "sell", 
        "amount": "0.00244109"
    }, 
    {
        "date": "1579358826", 
        "tid": "14387221", 
        "price": "120897000", 
        "type": "buy", 
        "amount": "0.00171710"
    }, 
    {
        "date": "1579358826", 
        "tid": "14387220", 
        "price": "120867000", 
        "type": "buy", 
        "amount": "0.00244108"
    }, 
    {
        "date": "1579358826", 
        "tid": "14387219", 
        "price": "120836000", 
        "type": "buy", 
        "amount": "0.00244108"
    }, 
    {
        "date": "1579358793", 
        "tid": "14387218", 
        "price": "120806000", 
        "type": "sell", 
        "amount": "0.08793666"
    }, 
    {
        "date": "1579358793", 
        "tid": "14387217", 
        "price": "120829000", 
        "type": "sell", 
        "amount": "0.00214571"
    }, 
    {
        "date": "1579358793", 
        "tid": "14387216", 
        "price": "120831000", 
        "type": "sell", 
        "amount": "0.04849097"
    }, 
    {
        "date": "1579358793", 
        "tid": "14387215", 
        "price": "120832000", 
        "type": "sell", 
        "amount": "0.00760934"
    }, 
    {
        "date": "1579358793", 
        "tid": "14387214", 
        "price": "120836000", 
        "type": "sell", 
        "amount": "0.00244109"
    }, 
    {
        "date": "1579358793", 
        "tid": "14387213", 
        "price": "120850000", 
        "type": "sell", 
        "amount": "0.00422100"
    }, 
    {
        "date": "1579358793", 
        "tid": "14387212", 
        "price": "120867000", 
        "type": "sell", 
        "amount": "0.00244107"
    }, 
    {
        "date": "1579358793", 
        "tid": "14387211", 
        "price": "120871000", 
        "type": "sell", 
        "amount": "0.00574366"
    }, 
    {
        "date": "1579358793", 
        "tid": "14387210", 
        "price": "120897000", 
        "type": "sell", 
        "amount": "0.00355083"
    }, 
    {
        "date": "1579358793", 
        "tid": "14387209", 
        "price": "120914000", 
        "type": "sell", 
        "amount": "0.00077960"
    }, 
    {
        "date": "1579358793", 
        "tid": "14387208", 
        "price": "120928000", 
        "type": "sell", 
        "amount": "0.00244108"
    }, 
    {
        "date": "1579358793", 
        "tid": "14387207", 
        "price": "120950000", 
        "type": "sell", 
        "amount": "0.01233416"
    }, 
    {
        "date": "1579358793", 
        "tid": "14387206", 
        "price": "120959000", 
        "type": "sell", 
        "amount": "0.00244108"
    }, 
    {
        "date": "1579358793", 
        "tid": "14387205", 
        "price": "120972000", 
        "type": "sell", 
        "amount": "0.04187923"
    }, 
    {
        "date": "1579358793", 
        "tid": "14387204", 
        "price": "120980000", 
        "type": "sell", 
        "amount": "0.10327248"
    }, 
    {
        "date": "1579358734", 
        "tid": "14387203", 
        "price": "120981000", 
        "type": "buy", 
        "amount": "0.41192429"
    }, 
    {
        "date": "1579358721", 
        "tid": "14387202", 
        "price": "120982000", 
        "type": "buy", 
        "amount": "0.00041205"
    }, 
    {
        "date": "1579358708", 
        "tid": "14387201", 
        "price": "120981000", 
        "type": "sell", 
        "amount": "0.00101676"
    }, 
    {
        "date": "1579358690", 
        "tid": "14387200", 
        "price": "121000000", 
        "type": "buy", 
        "amount": "0.00823974"
    }, 
    {
        "date": "1579358689", 
        "tid": "14387199", 
        "price": "121000000", 
        "type": "buy", 
        "amount": "0.00629600"
    }, 
    {
        "date": "1579358606", 
        "tid": "14387198", 
        "price": "121000000", 
        "type": "buy", 
        "amount": "0.00042023"
    }, 
    {
        "date": "1579358587", 
        "tid": "14387197", 
        "price": "120982000", 
        "type": "sell", 
        "amount": "0.01529964"
    }, 
    {
        "date": "1579358575", 
        "tid": "14387196", 
        "price": "121000000", 
        "type": "buy", 
        "amount": "0.00042023"
    }, 
    {
        "date": "1579358568", 
        "tid": "14387195", 
        "price": "120985000", 
        "type": "sell", 
        "amount": "0.01530027"
    }, 
    {
        "date": "1579358567", 
        "tid": "14387194", 
        "price": "120984000", 
        "type": "sell", 
        "amount": "0.00043278"
    }, 
    {
        "date": "1579358566", 
        "tid": "14387193", 
        "price": "121000000", 
        "type": "buy", 
        "amount": "0.00042023"
    }, 
    {
        "date": "1579358553", 
        "tid": "14387192", 
        "price": "120983000", 
        "type": "sell", 
        "amount": "0.00350000"
    }, 
    {
        "date": "1579358539", 
        "tid": "14387191", 
        "price": "121000000", 
        "type": "buy", 
        "amount": "0.00420236"
    }, 
    {
        "date": "1579358534", 
        "tid": "14387190", 
        "price": "120981000", 
        "type": "sell", 
        "amount": "0.00902731"
    }, 
    {
        "date": "1579358522", 
        "tid": "14387189", 
        "price": "120981000", 
        "type": "sell", 
        "amount": "0.01530065"
    }, 
    {
        "date": "1579358513", 
        "tid": "14387188", 
        "price": "121000000", 
        "type": "buy", 
        "amount": "0.33965846"
    }, 
    {
        "date": "1579358513", 
        "tid": "14387187", 
        "price": "120982000", 
        "type": "buy", 
        "amount": "0.03177124"
    }, 
    {
        "date": "1579358513", 
        "tid": "14387186", 
        "price": "120982000", 
        "type": "buy", 
        "amount": "0.00042029"
    }, 
    {
        "date": "1579358508", 
        "tid": "14387185", 
        "price": "120981000", 
        "type": "sell", 
        "amount": "0.01530065"
    }, 
    {
        "date": "1579358503", 
        "tid": "14387184", 
        "price": "120982000", 
        "type": "buy", 
        "amount": "0.00042029"
    }, 
    {
        "date": "1579358500", 
        "tid": "14387183", 
        "price": "121000000", 
        "type": "buy", 
        "amount": "0.45842294"
    }, 
    {
        "date": "1579358500", 
        "tid": "14387182", 
        "price": "120999000", 
        "type": "buy", 
        "amount": "0.09553562"
    }, 
    {
        "date": "1579358500", 
        "tid": "14387181", 
        "price": "120998000", 
        "type": "buy", 
        "amount": "0.02684629"
    }, 
    {
        "date": "1579358500", 
        "tid": "14387180", 
        "price": "120996000", 
        "type": "buy", 
        "amount": "0.01000000"
    }, 
    {
        "date": "1579358500", 
        "tid": "14387179", 
        "price": "120989000", 
        "type": "buy", 
        "amount": "0.01372589"
    }, 
    {
        "date": "1579358500", 
        "tid": "14387178", 
        "price": "120988000", 
        "type": "buy", 
        "amount": "0.01756528"
    }, 
    {
        "date": "1579358500", 
        "tid": "14387177", 
        "price": "120981000", 
        "type": "buy", 
        "amount": "0.00029129"
    }, 
    {
        "date": "1579358492", 
        "tid": "14387176", 
        "price": "120981000", 
        "type": "buy", 
        "amount": "0.00042029"
    }, 
    {
        "date": "1579358374", 
        "tid": "14387175", 
        "price": "120980000", 
        "type": "sell", 
        "amount": "0.00019639"
    }, 
    {
        "date": "1579358371", 
        "tid": "14387174", 
        "price": "120981000", 
        "type": "buy", 
        "amount": "0.00045150"
    }, 
    {
        "date": "1579358353", 
        "tid": "14387173", 
        "price": "120981000", 
        "type": "buy", 
        "amount": "0.00280196"
    }, 
    {
        "date": "1579358352", 
        "tid": "14387172", 
        "price": "120981000", 
        "type": "buy", 
        "amount": "0.00079347"
    }, 
    {
        "date": "1579358351", 
        "tid": "14387171", 
        "price": "120981000", 
        "type": "buy", 
        "amount": "0.00042029"
    }, 
    {
        "date": "1579358346", 
        "tid": "14387170", 
        "price": "120981000", 
        "type": "buy", 
        "amount": "0.00041232"
    }, 
    {
        "date": "1579358342", 
        "tid": "14387169", 
        "price": "120981000", 
        "type": "buy", 
        "amount": "0.00042029"
    }, 
    {
        "date": "1579358333", 
        "tid": "14387168", 
        "price": "120981000", 
        "type": "buy", 
        "amount": "0.00420029"
    }, 
    {
        "date": "1579358332", 
        "tid": "14387167", 
        "price": "120981000", 
        "type": "buy", 
        "amount": "0.00042029"
    }, 
    {
        "date": "1579358315", 
        "tid": "14387166", 
        "price": "120981000", 
        "type": "buy", 
        "amount": "0.00313159"
    }, 
    {
        "date": "1579358314", 
        "tid": "14387165", 
        "price": "120981000", 
        "type": "buy", 
        "amount": "0.00391372"
    }, 
    {
        "date": "1579358301", 
        "tid": "14387164", 
        "price": "120981000", 
        "type": "buy", 
        "amount": "0.00042029"
    }, 
    {
        "date": "1579358295", 
        "tid": "14387163", 
        "price": "120981000", 
        "type": "buy", 
        "amount": "0.00044768"
    }, 
    {
        "date": "1579358292", 
        "tid": "14387162", 
        "price": "120981000", 
        "type": "buy", 
        "amount": "0.00042029"
    }, 
    {
        "date": "1579358289", 
        "tid": "14387161", 
        "price": "120981000", 
        "type": "buy", 
        "amount": "0.00091377"
    }, 
    {
        "date": "1579358284", 
        "tid": "14387160", 
        "price": "120981000", 
        "type": "buy", 
        "amount": "0.00412053"
    }, 
    {
        "date": "1579358263", 
        "tid": "14387159", 
        "price": "120981000", 
        "type": "buy", 
        "amount": "0.00321400"
    }, 
    {
        "date": "1579358263", 
        "tid": "14387158", 
        "price": "120981000", 
        "type": "buy", 
        "amount": "0.00410050"
    }, 
    {
        "date": "1579358195", 
        "tid": "14387157", 
        "price": "120981000", 
        "type": "buy", 
        "amount": "0.00079938"
    }, 
    {
        "date": "1579358161", 
        "tid": "14387156", 
        "price": "120980000", 
        "type": "sell", 
        "amount": "0.00210209"
    }, 
    {
        "date": "1579358140", 
        "tid": "14387155", 
        "price": "120980000", 
        "type": "sell", 
        "amount": "0.00050000"
    }, 
    {
        "date": "1579358095", 
        "tid": "14387154", 
        "price": "120988000", 
        "type": "buy", 
        "amount": "0.20601402"
    }, 
    {
        "date": "1579358054", 
        "tid": "14387153", 
        "price": "120988000", 
        "type": "buy", 
        "amount": "0.00244744"
    }, 
    {
        "date": "1579358014", 
        "tid": "14387152", 
        "price": "120980000", 
        "type": "sell", 
        "amount": "0.03909948"
    }, 
    {
        "date": "1579358014", 
        "tid": "14387151", 
        "price": "120981000", 
        "type": "sell", 
        "amount": "0.00102165"
    }, 
    {
        "date": "1579358014", 
        "tid": "14387150", 
        "price": "120982000", 
        "type": "sell", 
        "amount": "0.02117887"
    }, 
    {
        "date": "1579357907", 
        "tid": "14387149", 
        "price": "120980000", 
        "type": "sell", 
        "amount": "0.00081605"
    }, 
    {
        "date": "1579357863", 
        "tid": "14387148", 
        "price": "120988000", 
        "type": "buy", 
        "amount": "0.05609548"
    }, 
    {
        "date": "1579357787", 
        "tid": "14387147", 
        "price": "120988000", 
        "type": "buy", 
        "amount": "0.16433660"
    }, 
    {
        "date": "1579357787", 
        "tid": "14387146", 
        "price": "120982000", 
        "type": "buy", 
        "amount": "0.00215311"
    }, 
    {
        "date": "1579357787", 
        "tid": "14387145", 
        "price": "120974000", 
        "type": "buy", 
        "amount": "0.00829367"
    }, 
    {
        "date": "1579357746", 
        "tid": "14387144", 
        "price": "120973000", 
        "type": "sell", 
        "amount": "0.02255502"
    }, 
    {
        "date": "1579357742", 
        "tid": "14387143", 
        "price": "120973000", 
        "type": "sell", 
        "amount": "0.00166700"
    }, 
    {
        "date": "1579357711", 
        "tid": "14387142", 
        "price": "120973000", 
        "type": "sell", 
        "amount": "0.00079843"
    }, 
    {
        "date": "1579357684", 
        "tid": "14387141", 
        "price": "120973000", 
        "type": "sell", 
        "amount": "0.00041621"
    }, 
    {
        "date": "1579357676", 
        "tid": "14387140", 
        "price": "120973000", 
        "type": "buy", 
        "amount": "0.06458795"
    }
]