[
    {
        "date": "1579299063", 
        "tid": "14384521", 
        "price": "120300000", 
        "type": "sell", 
        "amount": "0.00373826"
    }, 
    {
        "date": "1579299001", 
        "tid": "14384520", 
        "price": "120300000", 
        "type": "sell", 
        "amount": "0.00276565"
    }, 
    {
        "date": "1579298924", 
        "tid": "14384519", 
        "price": "120300000", 
        "type": "sell", 
        "amount": "0.02872667"
    }, 
    {
        "date": "1579298924", 
        "tid": "14384518", 
        "price": "120301000", 
        "type": "sell", 
        "amount": "0.00125065"
    }, 
    {
        "date": "1579298903", 
        "tid": "14384517", 
        "price": "120301000", 
        "type": "sell", 
        "amount": "0.03266395"
    }, 
    {
        "date": "1579298850", 
        "tid": "14384516", 
        "price": "120294000", 
        "type": "sell", 
        "amount": "0.01691248"
    }, 
    {
        "date": "1579298839", 
        "tid": "14384515", 
        "price": "120294000", 
        "type": "sell", 
        "amount": "0.01633292"
    }, 
    {
        "date": "1579298822", 
        "tid": "14384514", 
        "price": "120294000", 
        "type": "sell", 
        "amount": "0.01559351"
    }, 
    {
        "date": "1579298822", 
        "tid": "14384513", 
        "price": "120488000", 
        "type": "sell", 
        "amount": "0.00042327"
    }, 
    {
        "date": "1579298804", 
        "tid": "14384512", 
        "price": "120294000", 
        "type": "sell", 
        "amount": "0.00816646"
    }, 
    {
        "date": "1579298752", 
        "tid": "14384511", 
        "price": "120294000", 
        "type": "sell", 
        "amount": "0.06484451"
    }, 
    {
        "date": "1579298746", 
        "tid": "14384510", 
        "price": "120489000", 
        "type": "buy", 
        "amount": "0.00940852"
    }, 
    {
        "date": "1579298746", 
        "tid": "14384509", 
        "price": "120408000", 
        "type": "buy", 
        "amount": "0.00233882"
    }, 
    {
        "date": "1579298719", 
        "tid": "14384508", 
        "price": "120408000", 
        "type": "buy", 
        "amount": "0.00782509"
    }, 
    {
        "date": "1579298719", 
        "tid": "14384507", 
        "price": "120392000", 
        "type": "buy", 
        "amount": "0.00112200"
    }, 
    {
        "date": "1579298719", 
        "tid": "14384506", 
        "price": "120370000", 
        "type": "buy", 
        "amount": "0.00057787"
    }, 
    {
        "date": "1579298719", 
        "tid": "14384505", 
        "price": "120294000", 
        "type": "buy", 
        "amount": "0.00042563"
    }, 
    {
        "date": "1579298691", 
        "tid": "14384504", 
        "price": "120220000", 
        "type": "sell", 
        "amount": "0.02112795"
    }, 
    {
        "date": "1579298655", 
        "tid": "14384503", 
        "price": "120262000", 
        "type": "sell", 
        "amount": "0.00031457"
    }, 
    {
        "date": "1579298655", 
        "tid": "14384502", 
        "price": "120266000", 
        "type": "sell", 
        "amount": "0.00294712"
    }, 
    {
        "date": "1579298655", 
        "tid": "14384501", 
        "price": "120267000", 
        "type": "sell", 
        "amount": "0.00294710"
    }, 
    {
        "date": "1579298655", 
        "tid": "14384500", 
        "price": "120268000", 
        "type": "sell", 
        "amount": "0.00168404"
    }, 
    {
        "date": "1579298645", 
        "tid": "14384499", 
        "price": "120267000", 
        "type": "sell", 
        "amount": "0.00788187"
    }, 
    {
        "date": "1579298600", 
        "tid": "14384498", 
        "price": "120294000", 
        "type": "buy", 
        "amount": "0.00042737"
    }, 
    {
        "date": "1579298590", 
        "tid": "14384497", 
        "price": "120297000", 
        "type": "sell", 
        "amount": "0.00043023"
    }, 
    {
        "date": "1579298537", 
        "tid": "14384496", 
        "price": "120370000", 
        "type": "buy", 
        "amount": "0.00042243"
    }, 
    {
        "date": "1579298527", 
        "tid": "14384495", 
        "price": "120370000", 
        "type": "buy", 
        "amount": "0.00042243"
    }, 
    {
        "date": "1579298527", 
        "tid": "14384494", 
        "price": "120370000", 
        "type": "buy", 
        "amount": "0.00056239"
    }, 
    {
        "date": "1579298518", 
        "tid": "14384493", 
        "price": "120370000", 
        "type": "buy", 
        "amount": "0.00042243"
    }, 
    {
        "date": "1579298509", 
        "tid": "14384492", 
        "price": "120370000", 
        "type": "buy", 
        "amount": "0.00016607"
    }, 
    {
        "date": "1579298509", 
        "tid": "14384491", 
        "price": "120351000", 
        "type": "buy", 
        "amount": "0.00025641"
    }, 
    {
        "date": "1579298500", 
        "tid": "14384490", 
        "price": "120351000", 
        "type": "buy", 
        "amount": "0.00042249"
    }, 
    {
        "date": "1579298444", 
        "tid": "14384489", 
        "price": "120350000", 
        "type": "sell", 
        "amount": "0.12747100"
    }, 
    {
        "date": "1579298083", 
        "tid": "14384488", 
        "price": "120330000", 
        "type": "buy", 
        "amount": "0.00074470"
    }, 
    {
        "date": "1579298083", 
        "tid": "14384487", 
        "price": "120328000", 
        "type": "buy", 
        "amount": "0.09639867"
    }, 
    {
        "date": "1579298083", 
        "tid": "14384486", 
        "price": "120327000", 
        "type": "buy", 
        "amount": "0.07028401"
    }, 
    {
        "date": "1579298079", 
        "tid": "14384485", 
        "price": "120327000", 
        "type": "buy", 
        "amount": "0.03540914"
    }, 
    {
        "date": "1579298079", 
        "tid": "14384484", 
        "price": "120326000", 
        "type": "buy", 
        "amount": "0.08507027"
    }, 
    {
        "date": "1579298048", 
        "tid": "14384483", 
        "price": "120325000", 
        "type": "buy", 
        "amount": "0.14542010"
    }, 
    {
        "date": "1579298048", 
        "tid": "14384482", 
        "price": "120250000", 
        "type": "buy", 
        "amount": "0.00050472"
    }, 
    {
        "date": "1579298048", 
        "tid": "14384481", 
        "price": "120204000", 
        "type": "buy", 
        "amount": "0.00244472"
    }, 
    {
        "date": "1579298048", 
        "tid": "14384480", 
        "price": "120200000", 
        "type": "buy", 
        "amount": "0.02000687"
    }, 
    {
        "date": "1579298048", 
        "tid": "14384479", 
        "price": "120170000", 
        "type": "buy", 
        "amount": "0.02219052"
    }, 
    {
        "date": "1579297678", 
        "tid": "14384478", 
        "price": "120120000", 
        "type": "sell", 
        "amount": "0.00320209"
    }, 
    {
        "date": "1579297593", 
        "tid": "14384477", 
        "price": "120120000", 
        "type": "sell", 
        "amount": "0.00043279"
    }, 
    {
        "date": "1579297536", 
        "tid": "14384476", 
        "price": "120170000", 
        "type": "buy", 
        "amount": "0.00343652"
    }, 
    {
        "date": "1579297536", 
        "tid": "14384475", 
        "price": "120122000", 
        "type": "buy", 
        "amount": "0.00385163"
    }, 
    {
        "date": "1579297536", 
        "tid": "14384474", 
        "price": "120121000", 
        "type": "buy", 
        "amount": "0.00421818"
    }, 
    {
        "date": "1579297292", 
        "tid": "14384473", 
        "price": "120121000", 
        "type": "buy", 
        "amount": "0.00415002"
    }, 
    {
        "date": "1579297036", 
        "tid": "14384472", 
        "price": "120056000", 
        "type": "sell", 
        "amount": "0.02824099"
    }, 
    {
        "date": "1579296993", 
        "tid": "14384471", 
        "price": "120056000", 
        "type": "sell", 
        "amount": "0.01107232"
    }, 
    {
        "date": "1579296958", 
        "tid": "14384470", 
        "price": "120056000", 
        "type": "sell", 
        "amount": "0.01135432"
    }, 
    {
        "date": "1579296732", 
        "tid": "14384469", 
        "price": "120056000", 
        "type": "sell", 
        "amount": "0.00257362"
    }, 
    {
        "date": "1579296731", 
        "tid": "14384468", 
        "price": "120056000", 
        "type": "sell", 
        "amount": "0.00078201"
    }, 
    {
        "date": "1579296731", 
        "tid": "14384467", 
        "price": "120155000", 
        "type": "sell", 
        "amount": "0.00179161"
    }, 
    {
        "date": "1579296730", 
        "tid": "14384466", 
        "price": "120155000", 
        "type": "sell", 
        "amount": "0.00257362"
    }, 
    {
        "date": "1579296729", 
        "tid": "14384465", 
        "price": "120155000", 
        "type": "sell", 
        "amount": "0.00257362"
    }, 
    {
        "date": "1579296729", 
        "tid": "14384464", 
        "price": "120155000", 
        "type": "sell", 
        "amount": "0.00257362"
    }, 
    {
        "date": "1579296728", 
        "tid": "14384463", 
        "price": "120155000", 
        "type": "sell", 
        "amount": "0.00257362"
    }, 
    {
        "date": "1579296728", 
        "tid": "14384462", 
        "price": "120155000", 
        "type": "sell", 
        "amount": "0.00257362"
    }, 
    {
        "date": "1579296727", 
        "tid": "14384461", 
        "price": "120155000", 
        "type": "sell", 
        "amount": "0.00257362"
    }, 
    {
        "date": "1579296726", 
        "tid": "14384460", 
        "price": "120155000", 
        "type": "sell", 
        "amount": "0.00257362"
    }, 
    {
        "date": "1579296726", 
        "tid": "14384459", 
        "price": "120155000", 
        "type": "sell", 
        "amount": "0.00257362"
    }, 
    {
        "date": "1579296725", 
        "tid": "14384458", 
        "price": "120155000", 
        "type": "sell", 
        "amount": "0.00257362"
    }, 
    {
        "date": "1579296724", 
        "tid": "14384457", 
        "price": "120155000", 
        "type": "sell", 
        "amount": "0.00257362"
    }, 
    {
        "date": "1579296724", 
        "tid": "14384456", 
        "price": "120155000", 
        "type": "sell", 
        "amount": "0.00257362"
    }, 
    {
        "date": "1579296723", 
        "tid": "14384455", 
        "price": "120155000", 
        "type": "sell", 
        "amount": "0.00257362"
    }, 
    {
        "date": "1579296722", 
        "tid": "14384454", 
        "price": "120155000", 
        "type": "sell", 
        "amount": "0.00257362"
    }, 
    {
        "date": "1579296722", 
        "tid": "14384453", 
        "price": "120155000", 
        "type": "sell", 
        "amount": "0.00257362"
    }, 
    {
        "date": "1579296721", 
        "tid": "14384452", 
        "price": "120155000", 
        "type": "sell", 
        "amount": "0.00257362"
    }, 
    {
        "date": "1579296720", 
        "tid": "14384451", 
        "price": "120155000", 
        "type": "sell", 
        "amount": "0.00257362"
    }, 
    {
        "date": "1579296720", 
        "tid": "14384450", 
        "price": "120155000", 
        "type": "sell", 
        "amount": "0.00257362"
    }, 
    {
        "date": "1579296719", 
        "tid": "14384449", 
        "price": "120155000", 
        "type": "sell", 
        "amount": "0.00257362"
    }, 
    {
        "date": "1579296718", 
        "tid": "14384448", 
        "price": "120155000", 
        "type": "sell", 
        "amount": "0.00257362"
    }, 
    {
        "date": "1579296718", 
        "tid": "14384447", 
        "price": "120155000", 
        "type": "sell", 
        "amount": "0.00257362"
    }, 
    {
        "date": "1579296717", 
        "tid": "14384446", 
        "price": "120155000", 
        "type": "sell", 
        "amount": "0.00215280"
    }, 
    {
        "date": "1579296662", 
        "tid": "14384445", 
        "price": "120170000", 
        "type": "buy", 
        "amount": "0.02175291"
    }, 
    {
        "date": "1579296662", 
        "tid": "14384444", 
        "price": "120158000", 
        "type": "buy", 
        "amount": "0.00065539"
    }, 
    {
        "date": "1579296655", 
        "tid": "14384443", 
        "price": "120158000", 
        "type": "buy", 
        "amount": "0.01163535"
    }, 
    {
        "date": "1579296655", 
        "tid": "14384442", 
        "price": "120056000", 
        "type": "buy", 
        "amount": "0.00081394"
    }, 
    {
        "date": "1579296654", 
        "tid": "14384441", 
        "price": "120055000", 
        "type": "sell", 
        "amount": "0.00176366"
    }, 
    {
        "date": "1579296633", 
        "tid": "14384440", 
        "price": "120055000", 
        "type": "sell", 
        "amount": "0.00115555"
    }, 
    {
        "date": "1579296631", 
        "tid": "14384439", 
        "price": "120056000", 
        "type": "buy", 
        "amount": "0.01245917"
    }, 
    {
        "date": "1579296577", 
        "tid": "14384438", 
        "price": "120056000", 
        "type": "buy", 
        "amount": "0.00227689"
    }, 
    {
        "date": "1579296252", 
        "tid": "14384437", 
        "price": "120158000", 
        "type": "buy", 
        "amount": "0.00042317"
    }, 
    {
        "date": "1579295635", 
        "tid": "14384436", 
        "price": "120170000", 
        "type": "buy", 
        "amount": "0.00049780"
    }, 
    {
        "date": "1579295507", 
        "tid": "14384435", 
        "price": "120170000", 
        "type": "buy", 
        "amount": "0.00042313"
    }, 
    {
        "date": "1579295491", 
        "tid": "14384434", 
        "price": "120170000", 
        "type": "buy", 
        "amount": "0.00663733"
    }, 
    {
        "date": "1579295418", 
        "tid": "14384433", 
        "price": "119946000", 
        "type": "sell", 
        "amount": "0.01345849"
    }, 
    {
        "date": "1579295379", 
        "tid": "14384432", 
        "price": "119944000", 
        "type": "sell", 
        "amount": "0.14337356"
    }, 
    {
        "date": "1579295379", 
        "tid": "14384431", 
        "price": "119972000", 
        "type": "sell", 
        "amount": "0.00295011"
    }, 
    {
        "date": "1579295379", 
        "tid": "14384430", 
        "price": "119973000", 
        "type": "sell", 
        "amount": "0.00168576"
    }, 
    {
        "date": "1579295379", 
        "tid": "14384429", 
        "price": "119999000", 
        "type": "sell", 
        "amount": "0.00244473"
    }, 
    {
        "date": "1579295379", 
        "tid": "14384428", 
        "price": "120000000", 
        "type": "sell", 
        "amount": "0.00050471"
    }, 
    {
        "date": "1579295379", 
        "tid": "14384427", 
        "price": "120030000", 
        "type": "sell", 
        "amount": "0.13980000"
    }, 
    {
        "date": "1579295379", 
        "tid": "14384426", 
        "price": "120032000", 
        "type": "sell", 
        "amount": "0.00067890"
    }, 
    {
        "date": "1579295345", 
        "tid": "14384425", 
        "price": "120168000", 
        "type": "buy", 
        "amount": "0.00836317"
    }, 
    {
        "date": "1579295272", 
        "tid": "14384424", 
        "price": "120035000", 
        "type": "sell", 
        "amount": "0.00349580"
    }, 
    {
        "date": "1579295272", 
        "tid": "14384423", 
        "price": "120094000", 
        "type": "sell", 
        "amount": "0.00074470"
    }, 
    {
        "date": "1579295272", 
        "tid": "14384422", 
        "price": "120166000", 
        "type": "sell", 
        "amount": "0.00112199"
    }, 
    {
        "date": "1579295272", 
        "tid": "14384421", 
        "price": "120169000", 
        "type": "sell", 
        "amount": "0.00241543"
    }, 
    {
        "date": "1579295030", 
        "tid": "14384420", 
        "price": "120327000", 
        "type": "buy", 
        "amount": "0.00241854"
    }, 
    {
        "date": "1579295029", 
        "tid": "14384419", 
        "price": "120327000", 
        "type": "buy", 
        "amount": "0.00242481"
    }, 
    {
        "date": "1579295028", 
        "tid": "14384418", 
        "price": "120326000", 
        "type": "buy", 
        "amount": "0.00243111"
    }, 
    {
        "date": "1579295027", 
        "tid": "14384417", 
        "price": "120326000", 
        "type": "buy", 
        "amount": "0.00243738"
    }, 
    {
        "date": "1579295027", 
        "tid": "14384416", 
        "price": "120326000", 
        "type": "buy", 
        "amount": "0.00244365"
    }, 
    {
        "date": "1579295026", 
        "tid": "14384415", 
        "price": "120326000", 
        "type": "buy", 
        "amount": "0.00244993"
    }, 
    {
        "date": "1579295026", 
        "tid": "14384414", 
        "price": "120326000", 
        "type": "buy", 
        "amount": "0.00245621"
    }, 
    {
        "date": "1579295025", 
        "tid": "14384413", 
        "price": "120326000", 
        "type": "buy", 
        "amount": "0.00246248"
    }, 
    {
        "date": "1579295024", 
        "tid": "14384412", 
        "price": "120327000", 
        "type": "buy", 
        "amount": "0.00246873"
    }, 
    {
        "date": "1579295024", 
        "tid": "14384411", 
        "price": "120327000", 
        "type": "buy", 
        "amount": "0.00247500"
    }, 
    {
        "date": "1579295023", 
        "tid": "14384410", 
        "price": "120327000", 
        "type": "buy", 
        "amount": "0.00248128"
    }, 
    {
        "date": "1579295022", 
        "tid": "14384409", 
        "price": "120327000", 
        "type": "buy", 
        "amount": "0.00248756"
    }, 
    {
        "date": "1579295022", 
        "tid": "14384408", 
        "price": "120327000", 
        "type": "buy", 
        "amount": "0.00249382"
    }, 
    {
        "date": "1579295021", 
        "tid": "14384407", 
        "price": "120387000", 
        "type": "buy", 
        "amount": "0.00249885"
    }, 
    {
        "date": "1579295020", 
        "tid": "14384406", 
        "price": "120387000", 
        "type": "buy", 
        "amount": "0.00250512"
    }, 
    {
        "date": "1579295020", 
        "tid": "14384405", 
        "price": "120387000", 
        "type": "buy", 
        "amount": "0.00251140"
    }, 
    {
        "date": "1579295019", 
        "tid": "14384404", 
        "price": "120387000", 
        "type": "buy", 
        "amount": "0.00251767"
    }, 
    {
        "date": "1579295018", 
        "tid": "14384403", 
        "price": "120387000", 
        "type": "buy", 
        "amount": "0.00252394"
    }, 
    {
        "date": "1579295018", 
        "tid": "14384402", 
        "price": "120387000", 
        "type": "buy", 
        "amount": "0.00240981"
    }, 
    {
        "date": "1579294992", 
        "tid": "14384401", 
        "price": "120329000", 
        "type": "buy", 
        "amount": "0.00241532"
    }, 
    {
        "date": "1579294987", 
        "tid": "14384400", 
        "price": "120329000", 
        "type": "buy", 
        "amount": "0.00241545"
    }, 
    {
        "date": "1579294981", 
        "tid": "14384399", 
        "price": "120326000", 
        "type": "buy", 
        "amount": "0.00241544"
    }, 
    {
        "date": "1579294976", 
        "tid": "14384398", 
        "price": "120327000", 
        "type": "buy", 
        "amount": "0.00241540"
    }, 
    {
        "date": "1579294970", 
        "tid": "14384397", 
        "price": "120327000", 
        "type": "buy", 
        "amount": "0.00241543"
    }, 
    {
        "date": "1579294964", 
        "tid": "14384396", 
        "price": "120328000", 
        "type": "buy", 
        "amount": "0.00241545"
    }, 
    {
        "date": "1579294959", 
        "tid": "14384395", 
        "price": "120329000", 
        "type": "buy", 
        "amount": "0.00241557"
    }, 
    {
        "date": "1579294953", 
        "tid": "14384394", 
        "price": "120330000", 
        "type": "buy", 
        "amount": "0.00241559"
    }, 
    {
        "date": "1579294948", 
        "tid": "14384393", 
        "price": "120323000", 
        "type": "buy", 
        "amount": "0.00063788"
    }, 
    {
        "date": "1579294948", 
        "tid": "14384392", 
        "price": "120267000", 
        "type": "buy", 
        "amount": "0.00177725"
    }, 
    {
        "date": "1579294942", 
        "tid": "14384391", 
        "price": "120267000", 
        "type": "buy", 
        "amount": "0.00241544"
    }, 
    {
        "date": "1579294937", 
        "tid": "14384390", 
        "price": "120267000", 
        "type": "buy", 
        "amount": "0.00241542"
    }, 
    {
        "date": "1579294931", 
        "tid": "14384389", 
        "price": "120267000", 
        "type": "buy", 
        "amount": "0.00241544"
    }, 
    {
        "date": "1579294926", 
        "tid": "14384388", 
        "price": "120267000", 
        "type": "buy", 
        "amount": "0.00241542"
    }, 
    {
        "date": "1579294920", 
        "tid": "14384387", 
        "price": "120267000", 
        "type": "buy", 
        "amount": "0.00241544"
    }, 
    {
        "date": "1579294915", 
        "tid": "14384386", 
        "price": "120267000", 
        "type": "buy", 
        "amount": "0.00241542"
    }, 
    {
        "date": "1579294909", 
        "tid": "14384385", 
        "price": "120267000", 
        "type": "buy", 
        "amount": "0.00241544"
    }, 
    {
        "date": "1579294903", 
        "tid": "14384384", 
        "price": "120267000", 
        "type": "buy", 
        "amount": "0.00241545"
    }, 
    {
        "date": "1579294898", 
        "tid": "14384383", 
        "price": "120267000", 
        "type": "buy", 
        "amount": "0.00241496"
    }, 
    {
        "date": "1579294892", 
        "tid": "14384382", 
        "price": "120246000", 
        "type": "buy", 
        "amount": "0.00241628"
    }, 
    {
        "date": "1579294887", 
        "tid": "14384381", 
        "price": "120267000", 
        "type": "buy", 
        "amount": "0.00241503"
    }, 
    {
        "date": "1579294882", 
        "tid": "14384380", 
        "price": "120247000", 
        "type": "buy", 
        "amount": "0.00241543"
    }, 
    {
        "date": "1579294876", 
        "tid": "14384379", 
        "price": "120247000", 
        "type": "buy", 
        "amount": "0.00241543"
    }, 
    {
        "date": "1579294870", 
        "tid": "14384378", 
        "price": "120247000", 
        "type": "buy", 
        "amount": "0.00241543"
    }, 
    {
        "date": "1579294865", 
        "tid": "14384377", 
        "price": "120247000", 
        "type": "buy", 
        "amount": "0.00241543"
    }, 
    {
        "date": "1579294859", 
        "tid": "14384376", 
        "price": "120247000", 
        "type": "buy", 
        "amount": "0.00241543"
    }, 
    {
        "date": "1579294854", 
        "tid": "14384375", 
        "price": "120247000", 
        "type": "buy", 
        "amount": "0.00241540"
    }, 
    {
        "date": "1579294848", 
        "tid": "14384374", 
        "price": "120247000", 
        "type": "buy", 
        "amount": "0.00241601"
    }, 
    {
        "date": "1579294843", 
        "tid": "14384373", 
        "price": "120247000", 
        "type": "buy", 
        "amount": "0.00085603"
    }, 
    {
        "date": "1579294843", 
        "tid": "14384372", 
        "price": "120167000", 
        "type": "buy", 
        "amount": "0.00155883"
    }
]