[
    {
        "date": "1579397694", 
        "tid": "14389071", 
        "price": "123298000", 
        "type": "sell", 
        "amount": "0.00119196"
    }, 
    {
        "date": "1579397691", 
        "tid": "14389070", 
        "price": "123399000", 
        "type": "buy", 
        "amount": "0.00041206"
    }, 
    {
        "date": "1579397688", 
        "tid": "14389069", 
        "price": "123298000", 
        "type": "sell", 
        "amount": "0.00070480"
    }, 
    {
        "date": "1579397685", 
        "tid": "14389068", 
        "price": "123298000", 
        "type": "sell", 
        "amount": "0.03378614"
    }, 
    {
        "date": "1579397681", 
        "tid": "14389067", 
        "price": "123399000", 
        "type": "buy", 
        "amount": "0.00041206"
    }, 
    {
        "date": "1579397672", 
        "tid": "14389066", 
        "price": "123399000", 
        "type": "buy", 
        "amount": "0.00041206"
    }, 
    {
        "date": "1579397630", 
        "tid": "14389065", 
        "price": "123399000", 
        "type": "buy", 
        "amount": "0.01211933"
    }, 
    {
        "date": "1579397625", 
        "tid": "14389064", 
        "price": "123399000", 
        "type": "buy", 
        "amount": "0.01165079"
    }, 
    {
        "date": "1579397625", 
        "tid": "14389063", 
        "price": "123398000", 
        "type": "buy", 
        "amount": "0.00079901"
    }, 
    {
        "date": "1579397625", 
        "tid": "14389062", 
        "price": "123394000", 
        "type": "buy", 
        "amount": "0.00074470"
    }, 
    {
        "date": "1579397625", 
        "tid": "14389061", 
        "price": "123382000", 
        "type": "buy", 
        "amount": "0.00077960"
    }, 
    {
        "date": "1579397625", 
        "tid": "14389060", 
        "price": "123367000", 
        "type": "buy", 
        "amount": "0.00246508"
    }, 
    {
        "date": "1579397625", 
        "tid": "14389059", 
        "price": "123351000", 
        "type": "buy", 
        "amount": "0.00256592"
    }, 
    {
        "date": "1579397625", 
        "tid": "14389058", 
        "price": "123350000", 
        "type": "buy", 
        "amount": "0.01022263"
    }, 
    {
        "date": "1579397625", 
        "tid": "14389057", 
        "price": "123332000", 
        "type": "buy", 
        "amount": "0.00725036"
    }, 
    {
        "date": "1579397625", 
        "tid": "14389056", 
        "price": "123329000", 
        "type": "buy", 
        "amount": "0.00089285"
    }, 
    {
        "date": "1579397625", 
        "tid": "14389055", 
        "price": "123300000", 
        "type": "buy", 
        "amount": "0.00706698"
    }, 
    {
        "date": "1579397625", 
        "tid": "14389054", 
        "price": "123297000", 
        "type": "buy", 
        "amount": "0.00077960"
    }, 
    {
        "date": "1579397625", 
        "tid": "14389053", 
        "price": "123294000", 
        "type": "buy", 
        "amount": "0.02467265"
    }, 
    {
        "date": "1579397625", 
        "tid": "14389052", 
        "price": "123293000", 
        "type": "buy", 
        "amount": "0.00071456"
    }, 
    {
        "date": "1579397625", 
        "tid": "14389051", 
        "price": "123290000", 
        "type": "buy", 
        "amount": "0.00043143"
    }, 
    {
        "date": "1579397625", 
        "tid": "14389050", 
        "price": "123286000", 
        "type": "buy", 
        "amount": "0.00084726"
    }, 
    {
        "date": "1579397625", 
        "tid": "14389049", 
        "price": "123258000", 
        "type": "buy", 
        "amount": "0.00406752"
    }, 
    {
        "date": "1579397625", 
        "tid": "14389048", 
        "price": "123250000", 
        "type": "buy", 
        "amount": "0.00527445"
    }, 
    {
        "date": "1579397625", 
        "tid": "14389047", 
        "price": "123242000", 
        "type": "buy", 
        "amount": "0.00076804"
    }, 
    {
        "date": "1579397625", 
        "tid": "14389046", 
        "price": "123222000", 
        "type": "buy", 
        "amount": "0.19487195"
    }, 
    {
        "date": "1579397625", 
        "tid": "14389045", 
        "price": "123212000", 
        "type": "buy", 
        "amount": "0.00077960"
    }, 
    {
        "date": "1579397625", 
        "tid": "14389044", 
        "price": "123200000", 
        "type": "buy", 
        "amount": "0.01000000"
    }, 
    {
        "date": "1579397625", 
        "tid": "14389043", 
        "price": "123192000", 
        "type": "buy", 
        "amount": "0.00044034"
    }, 
    {
        "date": "1579397625", 
        "tid": "14389042", 
        "price": "123186000", 
        "type": "buy", 
        "amount": "0.00054281"
    }, 
    {
        "date": "1579397625", 
        "tid": "14389041", 
        "price": "123178000", 
        "type": "buy", 
        "amount": "0.00096237"
    }, 
    {
        "date": "1579397625", 
        "tid": "14389040", 
        "price": "123177000", 
        "type": "buy", 
        "amount": "0.00115351"
    }, 
    {
        "date": "1579397625", 
        "tid": "14389039", 
        "price": "123163000", 
        "type": "buy", 
        "amount": "0.00246508"
    }, 
    {
        "date": "1579397625", 
        "tid": "14389038", 
        "price": "123158000", 
        "type": "buy", 
        "amount": "0.00074470"
    }, 
    {
        "date": "1579397625", 
        "tid": "14389037", 
        "price": "123144000", 
        "type": "buy", 
        "amount": "0.00042987"
    }, 
    {
        "date": "1579397625", 
        "tid": "14389036", 
        "price": "123127000", 
        "type": "buy", 
        "amount": "0.00077960"
    }, 
    {
        "date": "1579397625", 
        "tid": "14389035", 
        "price": "123125000", 
        "type": "buy", 
        "amount": "0.04500000"
    }, 
    {
        "date": "1579397625", 
        "tid": "14389034", 
        "price": "123123000", 
        "type": "buy", 
        "amount": "0.01814918"
    }, 
    {
        "date": "1579397614", 
        "tid": "14389033", 
        "price": "123123000", 
        "type": "buy", 
        "amount": "0.02429299"
    }, 
    {
        "date": "1579397593", 
        "tid": "14389032", 
        "price": "123123000", 
        "type": "buy", 
        "amount": "0.00061562"
    }, 
    {
        "date": "1579397593", 
        "tid": "14389031", 
        "price": "123106000", 
        "type": "buy", 
        "amount": "0.00832308"
    }, 
    {
        "date": "1579397593", 
        "tid": "14389030", 
        "price": "123102000", 
        "type": "buy", 
        "amount": "0.00256592"
    }, 
    {
        "date": "1579397593", 
        "tid": "14389029", 
        "price": "123085000", 
        "type": "buy", 
        "amount": "0.00109004"
    }, 
    {
        "date": "1579397593", 
        "tid": "14389028", 
        "price": "123072000", 
        "type": "buy", 
        "amount": "0.00315442"
    }, 
    {
        "date": "1579397593", 
        "tid": "14389027", 
        "price": "123052000", 
        "type": "buy", 
        "amount": "0.00107288"
    }, 
    {
        "date": "1579397593", 
        "tid": "14389026", 
        "price": "123045000", 
        "type": "buy", 
        "amount": "0.00147059"
    }, 
    {
        "date": "1579397593", 
        "tid": "14389025", 
        "price": "123043000", 
        "type": "buy", 
        "amount": "0.00047712"
    }, 
    {
        "date": "1579397593", 
        "tid": "14389024", 
        "price": "123042000", 
        "type": "buy", 
        "amount": "0.00077960"
    }, 
    {
        "date": "1579397593", 
        "tid": "14389023", 
        "price": "123018000", 
        "type": "buy", 
        "amount": "0.00200000"
    }, 
    {
        "date": "1579397593", 
        "tid": "14389022", 
        "price": "123013000", 
        "type": "buy", 
        "amount": "0.00053671"
    }, 
    {
        "date": "1579397590", 
        "tid": "14389021", 
        "price": "123012000", 
        "type": "buy", 
        "amount": "0.04186291"
    }, 
    {
        "date": "1579397584", 
        "tid": "14389020", 
        "price": "123012000", 
        "type": "buy", 
        "amount": "0.16630301"
    }, 
    {
        "date": "1579397584", 
        "tid": "14389019", 
        "price": "123010000", 
        "type": "buy", 
        "amount": "0.00819133"
    }, 
    {
        "date": "1579397584", 
        "tid": "14389018", 
        "price": "123003000", 
        "type": "buy", 
        "amount": "0.03053437"
    }, 
    {
        "date": "1579397584", 
        "tid": "14389017", 
        "price": "123001000", 
        "type": "buy", 
        "amount": "0.00050627"
    }, 
    {
        "date": "1579397584", 
        "tid": "14389016", 
        "price": "123000000", 
        "type": "buy", 
        "amount": "0.21847498"
    }, 
    {
        "date": "1579397553", 
        "tid": "14389015", 
        "price": "123000000", 
        "type": "buy", 
        "amount": "0.98394865"
    }, 
    {
        "date": "1579397553", 
        "tid": "14389014", 
        "price": "122999000", 
        "type": "buy", 
        "amount": "0.00364035"
    }, 
    {
        "date": "1579397553", 
        "tid": "14389013", 
        "price": "122990000", 
        "type": "buy", 
        "amount": "0.02354162"
    }, 
    {
        "date": "1579397553", 
        "tid": "14389012", 
        "price": "122976000", 
        "type": "buy", 
        "amount": "0.00415642"
    }, 
    {
        "date": "1579397553", 
        "tid": "14389011", 
        "price": "122974000", 
        "type": "buy", 
        "amount": "0.00609091"
    }, 
    {
        "date": "1579397553", 
        "tid": "14389010", 
        "price": "122972000", 
        "type": "buy", 
        "amount": "0.05062485"
    }, 
    {
        "date": "1579397553", 
        "tid": "14389009", 
        "price": "122971000", 
        "type": "buy", 
        "amount": "0.01000000"
    }, 
    {
        "date": "1579397553", 
        "tid": "14389008", 
        "price": "122967000", 
        "type": "buy", 
        "amount": "0.17782223"
    }, 
    {
        "date": "1579397552", 
        "tid": "14389007", 
        "price": "122967000", 
        "type": "buy", 
        "amount": "0.03839972"
    }, 
    {
        "date": "1579397546", 
        "tid": "14389006", 
        "price": "122967000", 
        "type": "buy", 
        "amount": "0.08030317"
    }, 
    {
        "date": "1579397546", 
        "tid": "14389005", 
        "price": "122965000", 
        "type": "buy", 
        "amount": "0.15061579"
    }, 
    {
        "date": "1579397544", 
        "tid": "14389004", 
        "price": "122965000", 
        "type": "buy", 
        "amount": "0.04490075"
    }, 
    {
        "date": "1579397540", 
        "tid": "14389003", 
        "price": "122965000", 
        "type": "buy", 
        "amount": "0.33132037"
    }, 
    {
        "date": "1579397538", 
        "tid": "14389002", 
        "price": "122964000", 
        "type": "sell", 
        "amount": "0.00736776"
    }, 
    {
        "date": "1579397532", 
        "tid": "14389001", 
        "price": "122965000", 
        "type": "buy", 
        "amount": "0.00957010"
    }, 
    {
        "date": "1579397506", 
        "tid": "14389000", 
        "price": "122964000", 
        "type": "sell", 
        "amount": "0.29206417"
    }, 
    {
        "date": "1579397493", 
        "tid": "14388999", 
        "price": "122965000", 
        "type": "buy", 
        "amount": "0.00872458"
    }, 
    {
        "date": "1579397468", 
        "tid": "14388998", 
        "price": "122890000", 
        "type": "sell", 
        "amount": "0.02353348"
    }, 
    {
        "date": "1579397468", 
        "tid": "14388997", 
        "price": "122965000", 
        "type": "buy", 
        "amount": "0.04080555"
    }, 
    {
        "date": "1579397461", 
        "tid": "14388996", 
        "price": "122890000", 
        "type": "sell", 
        "amount": "0.01590887"
    }, 
    {
        "date": "1579397446", 
        "tid": "14388995", 
        "price": "122965000", 
        "type": "buy", 
        "amount": "0.00081080"
    }, 
    {
        "date": "1579397446", 
        "tid": "14388994", 
        "price": "122965000", 
        "type": "buy", 
        "amount": "0.00041351"
    }, 
    {
        "date": "1579397445", 
        "tid": "14388993", 
        "price": "122890000", 
        "type": "sell", 
        "amount": "0.02800000"
    }, 
    {
        "date": "1579397443", 
        "tid": "14388992", 
        "price": "122965000", 
        "type": "buy", 
        "amount": "0.00055118"
    }, 
    {
        "date": "1579397443", 
        "tid": "14388991", 
        "price": "122964000", 
        "type": "buy", 
        "amount": "0.00864106"
    }, 
    {
        "date": "1579397443", 
        "tid": "14388990", 
        "price": "122958000", 
        "type": "buy", 
        "amount": "0.00100735"
    }, 
    {
        "date": "1579397422", 
        "tid": "14388989", 
        "price": "122957000", 
        "type": "buy", 
        "amount": "0.00199402"
    }, 
    {
        "date": "1579397420", 
        "tid": "14388988", 
        "price": "122957000", 
        "type": "buy", 
        "amount": "0.02592224"
    }, 
    {
        "date": "1579397393", 
        "tid": "14388987", 
        "price": "122957000", 
        "type": "buy", 
        "amount": "0.00119196"
    }, 
    {
        "date": "1579397383", 
        "tid": "14388986", 
        "price": "122957000", 
        "type": "sell", 
        "amount": "0.00182202"
    }, 
    {
        "date": "1579397370", 
        "tid": "14388985", 
        "price": "122875000", 
        "type": "sell", 
        "amount": "0.01285318"
    }, 
    {
        "date": "1579397312", 
        "tid": "14388984", 
        "price": "122958000", 
        "type": "buy", 
        "amount": "0.08275175"
    }, 
    {
        "date": "1579397279", 
        "tid": "14388983", 
        "price": "122958000", 
        "type": "buy", 
        "amount": "0.00063980"
    }, 
    {
        "date": "1579397279", 
        "tid": "14388982", 
        "price": "122957000", 
        "type": "buy", 
        "amount": "0.00077960"
    }, 
    {
        "date": "1579397279", 
        "tid": "14388981", 
        "price": "122936000", 
        "type": "buy", 
        "amount": "0.00531027"
    }, 
    {
        "date": "1579397279", 
        "tid": "14388980", 
        "price": "122900000", 
        "type": "buy", 
        "amount": "0.00054737"
    }, 
    {
        "date": "1579397262", 
        "tid": "14388979", 
        "price": "122874000", 
        "type": "buy", 
        "amount": "0.01038174"
    }, 
    {
        "date": "1579397257", 
        "tid": "14388978", 
        "price": "122874000", 
        "type": "buy", 
        "amount": "0.00601185"
    }, 
    {
        "date": "1579397252", 
        "tid": "14388977", 
        "price": "122873000", 
        "type": "sell", 
        "amount": "0.00250074"
    }, 
    {
        "date": "1579397128", 
        "tid": "14388976", 
        "price": "122873000", 
        "type": "sell", 
        "amount": "0.00415948"
    }, 
    {
        "date": "1579397124", 
        "tid": "14388975", 
        "price": "122900000", 
        "type": "buy", 
        "amount": "0.00727925"
    }, 
    {
        "date": "1579397115", 
        "tid": "14388974", 
        "price": "122873000", 
        "type": "sell", 
        "amount": "0.00284772"
    }, 
    {
        "date": "1579397077", 
        "tid": "14388973", 
        "price": "122873000", 
        "type": "sell", 
        "amount": "0.00229760"
    }, 
    {
        "date": "1579397064", 
        "tid": "14388972", 
        "price": "122873000", 
        "type": "sell", 
        "amount": "0.00077960"
    }, 
    {
        "date": "1579397047", 
        "tid": "14388971", 
        "price": "122874000", 
        "type": "sell", 
        "amount": "0.00235389"
    }, 
    {
        "date": "1579397046", 
        "tid": "14388970", 
        "price": "122874000", 
        "type": "buy", 
        "amount": "0.00576724"
    }, 
    {
        "date": "1579397044", 
        "tid": "14388969", 
        "price": "122874000", 
        "type": "buy", 
        "amount": "0.00182288"
    }, 
    {
        "date": "1579397042", 
        "tid": "14388968", 
        "price": "122755000", 
        "type": "sell", 
        "amount": "0.00009060"
    }, 
    {
        "date": "1579397042", 
        "tid": "14388967", 
        "price": "122787000", 
        "type": "sell", 
        "amount": "0.00077959"
    }, 
    {
        "date": "1579397042", 
        "tid": "14388966", 
        "price": "122872000", 
        "type": "sell", 
        "amount": "0.00077959"
    }, 
    {
        "date": "1579397042", 
        "tid": "14388965", 
        "price": "122873000", 
        "type": "sell", 
        "amount": "0.00068610"
    }, 
    {
        "date": "1579397027", 
        "tid": "14388964", 
        "price": "122874000", 
        "type": "buy", 
        "amount": "0.00240988"
    }, 
    {
        "date": "1579396990", 
        "tid": "14388963", 
        "price": "122873000", 
        "type": "sell", 
        "amount": "0.00062419"
    }, 
    {
        "date": "1579396970", 
        "tid": "14388962", 
        "price": "122936000", 
        "type": "buy", 
        "amount": "0.00430040"
    }, 
    {
        "date": "1579396970", 
        "tid": "14388961", 
        "price": "122900000", 
        "type": "buy", 
        "amount": "0.00041957"
    }, 
    {
        "date": "1579396970", 
        "tid": "14388960", 
        "price": "122875000", 
        "type": "buy", 
        "amount": "0.00462947"
    }, 
    {
        "date": "1579396960", 
        "tid": "14388959", 
        "price": "122875000", 
        "type": "buy", 
        "amount": "0.00654616"
    }, 
    {
        "date": "1579396948", 
        "tid": "14388958", 
        "price": "122875000", 
        "type": "buy", 
        "amount": "0.00728071"
    }, 
    {
        "date": "1579396942", 
        "tid": "14388957", 
        "price": "122875000", 
        "type": "buy", 
        "amount": "0.01394151"
    }, 
    {
        "date": "1579396933", 
        "tid": "14388956", 
        "price": "122875000", 
        "type": "buy", 
        "amount": "0.00543626"
    }, 
    {
        "date": "1579396923", 
        "tid": "14388955", 
        "price": "122874000", 
        "type": "sell", 
        "amount": "0.01200000"
    }, 
    {
        "date": "1579396916", 
        "tid": "14388954", 
        "price": "122875000", 
        "type": "buy", 
        "amount": "0.00654616"
    }, 
    {
        "date": "1579396908", 
        "tid": "14388953", 
        "price": "122900000", 
        "type": "buy", 
        "amount": "0.00373991"
    }, 
    {
        "date": "1579396896", 
        "tid": "14388952", 
        "price": "122875000", 
        "type": "buy", 
        "amount": "0.01870332"
    }, 
    {
        "date": "1579396888", 
        "tid": "14388951", 
        "price": "122875000", 
        "type": "buy", 
        "amount": "0.00280550"
    }, 
    {
        "date": "1579396873", 
        "tid": "14388950", 
        "price": "122936000", 
        "type": "buy", 
        "amount": "0.00934701"
    }, 
    {
        "date": "1579396839", 
        "tid": "14388949", 
        "price": "122874000", 
        "type": "sell", 
        "amount": "0.08858350"
    }, 
    {
        "date": "1579396834", 
        "tid": "14388948", 
        "price": "122936000", 
        "type": "buy", 
        "amount": "0.13377252"
    }, 
    {
        "date": "1579396827", 
        "tid": "14388947", 
        "price": "122936000", 
        "type": "buy", 
        "amount": "0.04054992"
    }, 
    {
        "date": "1579396808", 
        "tid": "14388946", 
        "price": "122958000", 
        "type": "buy", 
        "amount": "0.02720171"
    }, 
    {
        "date": "1579396786", 
        "tid": "14388945", 
        "price": "122957000", 
        "type": "buy", 
        "amount": "0.00766040"
    }, 
    {
        "date": "1579396767", 
        "tid": "14388944", 
        "price": "122873000", 
        "type": "sell", 
        "amount": "0.03773691"
    }, 
    {
        "date": "1579396767", 
        "tid": "14388943", 
        "price": "122925000", 
        "type": "sell", 
        "amount": "0.00406752"
    }, 
    {
        "date": "1579396767", 
        "tid": "14388942", 
        "price": "122932000", 
        "type": "sell", 
        "amount": "0.17168258"
    }, 
    {
        "date": "1579396757", 
        "tid": "14388941", 
        "price": "122932000", 
        "type": "sell", 
        "amount": "0.00361741"
    }, 
    {
        "date": "1579396728", 
        "tid": "14388940", 
        "price": "122886000", 
        "type": "sell", 
        "amount": "0.02859714"
    }, 
    {
        "date": "1579396728", 
        "tid": "14388939", 
        "price": "122958000", 
        "type": "sell", 
        "amount": "0.17934681"
    }, 
    {
        "date": "1579396710", 
        "tid": "14388938", 
        "price": "122958000", 
        "type": "sell", 
        "amount": "0.01190556"
    }, 
    {
        "date": "1579396684", 
        "tid": "14388937", 
        "price": "122965000", 
        "type": "buy", 
        "amount": "0.02203835"
    }, 
    {
        "date": "1579396684", 
        "tid": "14388936", 
        "price": "122964000", 
        "type": "buy", 
        "amount": "0.01934879"
    }, 
    {
        "date": "1579396673", 
        "tid": "14388935", 
        "price": "122964000", 
        "type": "buy", 
        "amount": "0.00606250"
    }, 
    {
        "date": "1579396673", 
        "tid": "14388934", 
        "price": "122959000", 
        "type": "buy", 
        "amount": "0.00246508"
    }, 
    {
        "date": "1579396669", 
        "tid": "14388933", 
        "price": "122958000", 
        "type": "buy", 
        "amount": "0.00356845"
    }, 
    {
        "date": "1579396669", 
        "tid": "14388932", 
        "price": "122957000", 
        "type": "buy", 
        "amount": "0.00077960"
    }, 
    {
        "date": "1579396669", 
        "tid": "14388931", 
        "price": "122950000", 
        "type": "buy", 
        "amount": "0.00369732"
    }, 
    {
        "date": "1579396669", 
        "tid": "14388930", 
        "price": "122923000", 
        "type": "buy", 
        "amount": "0.00074470"
    }, 
    {
        "date": "1579396666", 
        "tid": "14388929", 
        "price": "122911000", 
        "type": "buy", 
        "amount": "0.00542167"
    }, 
    {
        "date": "1579396666", 
        "tid": "14388928", 
        "price": "122900000", 
        "type": "buy", 
        "amount": "0.00277299"
    }, 
    {
        "date": "1579396663", 
        "tid": "14388927", 
        "price": "122877000", 
        "type": "sell", 
        "amount": "0.07910781"
    }, 
    {
        "date": "1579396663", 
        "tid": "14388926", 
        "price": "122910000", 
        "type": "sell", 
        "amount": "0.05854644"
    }, 
    {
        "date": "1579396649", 
        "tid": "14388925", 
        "price": "122911000", 
        "type": "buy", 
        "amount": "0.08111633"
    }, 
    {
        "date": "1579396625", 
        "tid": "14388924", 
        "price": "122910000", 
        "type": "sell", 
        "amount": "0.01660839"
    }, 
    {
        "date": "1579396617", 
        "tid": "14388923", 
        "price": "122910000", 
        "type": "sell", 
        "amount": "0.00077960"
    }, 
    {
        "date": "1579396616", 
        "tid": "14388922", 
        "price": "122910000", 
        "type": "sell", 
        "amount": "0.00077960"
    }
]