[
    {
        "date": "1579259451", 
        "tid": "14382729", 
        "price": "120962000", 
        "type": "buy", 
        "amount": "0.03632855"
    }, 
    {
        "date": "1579259451", 
        "tid": "14382728", 
        "price": "120960000", 
        "type": "buy", 
        "amount": "0.00412476"
    }, 
    {
        "date": "1579259451", 
        "tid": "14382727", 
        "price": "120779000", 
        "type": "buy", 
        "amount": "0.00075958"
    }, 
    {
        "date": "1579259409", 
        "tid": "14382726", 
        "price": "120778000", 
        "type": "sell", 
        "amount": "0.00091593"
    }, 
    {
        "date": "1579259405", 
        "tid": "14382725", 
        "price": "120779000", 
        "type": "buy", 
        "amount": "0.00247644"
    }, 
    {
        "date": "1579259312", 
        "tid": "14382724", 
        "price": "120779000", 
        "type": "buy", 
        "amount": "0.00103185"
    }, 
    {
        "date": "1579259282", 
        "tid": "14382723", 
        "price": "120768000", 
        "type": "buy", 
        "amount": "0.01494498"
    }, 
    {
        "date": "1579259222", 
        "tid": "14382722", 
        "price": "120767000", 
        "type": "sell", 
        "amount": "0.00074940"
    }, 
    {
        "date": "1579259149", 
        "tid": "14382721", 
        "price": "120765000", 
        "type": "sell", 
        "amount": "0.00958610"
    }, 
    {
        "date": "1579259109", 
        "tid": "14382720", 
        "price": "120765000", 
        "type": "sell", 
        "amount": "0.02189952"
    }, 
    {
        "date": "1579259109", 
        "tid": "14382719", 
        "price": "120766000", 
        "type": "sell", 
        "amount": "0.00433646"
    }, 
    {
        "date": "1579259109", 
        "tid": "14382718", 
        "price": "120767000", 
        "type": "sell", 
        "amount": "0.00303549"
    }, 
    {
        "date": "1579259109", 
        "tid": "14382717", 
        "price": "120768000", 
        "type": "sell", 
        "amount": "0.00173455"
    }, 
    {
        "date": "1579259109", 
        "tid": "14382716", 
        "price": "120770000", 
        "type": "sell", 
        "amount": "0.00206177"
    }, 
    {
        "date": "1579259109", 
        "tid": "14382715", 
        "price": "120778000", 
        "type": "sell", 
        "amount": "0.00168046"
    }, 
    {
        "date": "1579258919", 
        "tid": "14382714", 
        "price": "120779000", 
        "type": "sell", 
        "amount": "0.03514330"
    }, 
    {
        "date": "1579258909", 
        "tid": "14382713", 
        "price": "120779000", 
        "type": "sell", 
        "amount": "0.04281201"
    }, 
    {
        "date": "1579258909", 
        "tid": "14382712", 
        "price": "120784000", 
        "type": "sell", 
        "amount": "0.00973621"
    }, 
    {
        "date": "1579258891", 
        "tid": "14382711", 
        "price": "120780000", 
        "type": "buy", 
        "amount": "0.00950885"
    }, 
    {
        "date": "1579258826", 
        "tid": "14382710", 
        "price": "120780000", 
        "type": "buy", 
        "amount": "0.00074239"
    }, 
    {
        "date": "1579258823", 
        "tid": "14382709", 
        "price": "120780000", 
        "type": "buy", 
        "amount": "0.00288917"
    }, 
    {
        "date": "1579258775", 
        "tid": "14382708", 
        "price": "120965000", 
        "type": "buy", 
        "amount": "0.00499569"
    }, 
    {
        "date": "1579258677", 
        "tid": "14382707", 
        "price": "120966000", 
        "type": "buy", 
        "amount": "0.03271011"
    }, 
    {
        "date": "1579258653", 
        "tid": "14382706", 
        "price": "120733000", 
        "type": "sell", 
        "amount": "0.00379737"
    }, 
    {
        "date": "1579258633", 
        "tid": "14382705", 
        "price": "120728000", 
        "type": "buy", 
        "amount": "0.03740951"
    }, 
    {
        "date": "1579258477", 
        "tid": "14382704", 
        "price": "120718000", 
        "type": "sell", 
        "amount": "0.02557850"
    }, 
    {
        "date": "1579258436", 
        "tid": "14382703", 
        "price": "120715000", 
        "type": "sell", 
        "amount": "0.00021513"
    }, 
    {
        "date": "1579258322", 
        "tid": "14382702", 
        "price": "120708000", 
        "type": "sell", 
        "amount": "0.00082233"
    }, 
    {
        "date": "1579258248", 
        "tid": "14382701", 
        "price": "120714000", 
        "type": "sell", 
        "amount": "0.08500000"
    }, 
    {
        "date": "1579258210", 
        "tid": "14382700", 
        "price": "120712000", 
        "type": "sell", 
        "amount": "0.00072139"
    }, 
    {
        "date": "1579258189", 
        "tid": "14382699", 
        "price": "120976000", 
        "type": "buy", 
        "amount": "0.00041207"
    }, 
    {
        "date": "1579258187", 
        "tid": "14382698", 
        "price": "120976000", 
        "type": "buy", 
        "amount": "0.08344223"
    }, 
    {
        "date": "1579258139", 
        "tid": "14382697", 
        "price": "120708000", 
        "type": "sell", 
        "amount": "0.01548381"
    }, 
    {
        "date": "1579258139", 
        "tid": "14382696", 
        "price": "120800000", 
        "type": "sell", 
        "amount": "0.00413907"
    }, 
    {
        "date": "1579258139", 
        "tid": "14382695", 
        "price": "120971000", 
        "type": "sell", 
        "amount": "0.00082664"
    }, 
    {
        "date": "1579258139", 
        "tid": "14382694", 
        "price": "120974000", 
        "type": "sell", 
        "amount": "0.00082662"
    }, 
    {
        "date": "1579258139", 
        "tid": "14382693", 
        "price": "120975000", 
        "type": "sell", 
        "amount": "0.01872386"
    }, 
    {
        "date": "1579258010", 
        "tid": "14382692", 
        "price": "120975000", 
        "type": "sell", 
        "amount": "0.08343719"
    }, 
    {
        "date": "1579257957", 
        "tid": "14382691", 
        "price": "120975000", 
        "type": "sell", 
        "amount": "0.00425085"
    }, 
    {
        "date": "1579257948", 
        "tid": "14382690", 
        "price": "120976000", 
        "type": "buy", 
        "amount": "0.00407124"
    }, 
    {
        "date": "1579257943", 
        "tid": "14382689", 
        "price": "120976000", 
        "type": "buy", 
        "amount": "0.02784303"
    }, 
    {
        "date": "1579257782", 
        "tid": "14382688", 
        "price": "120971000", 
        "type": "sell", 
        "amount": "0.00192155"
    }, 
    {
        "date": "1579257742", 
        "tid": "14382687", 
        "price": "120970000", 
        "type": "sell", 
        "amount": "0.00190000"
    }, 
    {
        "date": "1579257635", 
        "tid": "14382686", 
        "price": "120804000", 
        "type": "sell", 
        "amount": "0.01669119"
    }, 
    {
        "date": "1579257601", 
        "tid": "14382685", 
        "price": "120983000", 
        "type": "buy", 
        "amount": "0.23503872"
    }, 
    {
        "date": "1579257601", 
        "tid": "14382684", 
        "price": "120978000", 
        "type": "buy", 
        "amount": "0.35722591"
    }, 
    {
        "date": "1579257601", 
        "tid": "14382683", 
        "price": "120977000", 
        "type": "buy", 
        "amount": "0.17125501"
    }, 
    {
        "date": "1579257601", 
        "tid": "14382682", 
        "price": "120845000", 
        "type": "buy", 
        "amount": "0.06066298"
    }, 
    {
        "date": "1579257598", 
        "tid": "14382681", 
        "price": "120800000", 
        "type": "sell", 
        "amount": "0.00083548"
    }, 
    {
        "date": "1579257569", 
        "tid": "14382680", 
        "price": "120758000", 
        "type": "sell", 
        "amount": "0.00089406"
    }, 
    {
        "date": "1579257530", 
        "tid": "14382679", 
        "price": "120845000", 
        "type": "buy", 
        "amount": "0.01528141"
    }, 
    {
        "date": "1579257530", 
        "tid": "14382678", 
        "price": "120843000", 
        "type": "buy", 
        "amount": "0.00112200"
    }, 
    {
        "date": "1579257530", 
        "tid": "14382677", 
        "price": "120816000", 
        "type": "buy", 
        "amount": "0.00051922"
    }, 
    {
        "date": "1579257511", 
        "tid": "14382676", 
        "price": "120800000", 
        "type": "sell", 
        "amount": "0.05384635"
    }, 
    {
        "date": "1579257437", 
        "tid": "14382675", 
        "price": "120684000", 
        "type": "sell", 
        "amount": "0.00366314"
    }, 
    {
        "date": "1579257437", 
        "tid": "14382674", 
        "price": "120815000", 
        "type": "sell", 
        "amount": "0.00192068"
    }, 
    {
        "date": "1579257421", 
        "tid": "14382673", 
        "price": "120815000", 
        "type": "sell", 
        "amount": "0.00078342"
    }, 
    {
        "date": "1579257408", 
        "tid": "14382672", 
        "price": "120815000", 
        "type": "sell", 
        "amount": "0.00160000"
    }, 
    {
        "date": "1579257323", 
        "tid": "14382671", 
        "price": "120816000", 
        "type": "buy", 
        "amount": "0.00192550"
    }, 
    {
        "date": "1579257323", 
        "tid": "14382670", 
        "price": "120801000", 
        "type": "buy", 
        "amount": "0.00074470"
    }, 
    {
        "date": "1579257323", 
        "tid": "14382669", 
        "price": "120800000", 
        "type": "buy", 
        "amount": "0.00166668"
    }, 
    {
        "date": "1579257323", 
        "tid": "14382668", 
        "price": "120652000", 
        "type": "buy", 
        "amount": "0.01449767"
    }, 
    {
        "date": "1579257284", 
        "tid": "14382667", 
        "price": "120550000", 
        "type": "sell", 
        "amount": "0.00473787"
    }, 
    {
        "date": "1579257284", 
        "tid": "14382666", 
        "price": "120553000", 
        "type": "sell", 
        "amount": "0.07725945"
    }, 
    {
        "date": "1579257284", 
        "tid": "14382665", 
        "price": "120560000", 
        "type": "sell", 
        "amount": "0.00829462"
    }, 
    {
        "date": "1579257284", 
        "tid": "14382664", 
        "price": "120565000", 
        "type": "sell", 
        "amount": "0.00128750"
    }, 
    {
        "date": "1579257284", 
        "tid": "14382663", 
        "price": "120600000", 
        "type": "sell", 
        "amount": "0.00165836"
    }, 
    {
        "date": "1579257284", 
        "tid": "14382662", 
        "price": "120612000", 
        "type": "sell", 
        "amount": "0.00070368"
    }, 
    {
        "date": "1579257284", 
        "tid": "14382661", 
        "price": "120617000", 
        "type": "sell", 
        "amount": "0.00027457"
    }, 
    {
        "date": "1579257282", 
        "tid": "14382660", 
        "price": "120617000", 
        "type": "sell", 
        "amount": "0.00084744"
    }, 
    {
        "date": "1579257282", 
        "tid": "14382659", 
        "price": "120632000", 
        "type": "sell", 
        "amount": "0.00044033"
    }, 
    {
        "date": "1579257089", 
        "tid": "14382658", 
        "price": "120650000", 
        "type": "sell", 
        "amount": "0.07994348"
    }, 
    {
        "date": "1579257089", 
        "tid": "14382657", 
        "price": "120651000", 
        "type": "sell", 
        "amount": "0.14749114"
    }, 
    {
        "date": "1579257080", 
        "tid": "14382656", 
        "price": "120651000", 
        "type": "sell", 
        "amount": "0.11000000"
    }, 
    {
        "date": "1579257078", 
        "tid": "14382655", 
        "price": "120652000", 
        "type": "buy", 
        "amount": "0.00056485"
    }, 
    {
        "date": "1579257064", 
        "tid": "14382654", 
        "price": "120652000", 
        "type": "buy", 
        "amount": "0.00081396"
    }, 
    {
        "date": "1579257061", 
        "tid": "14382653", 
        "price": "120749000", 
        "type": "sell", 
        "amount": "0.01412352"
    }, 
    {
        "date": "1579257026", 
        "tid": "14382652", 
        "price": "120844000", 
        "type": "buy", 
        "amount": "0.01855211"
    }, 
    {
        "date": "1579257026", 
        "tid": "14382651", 
        "price": "120843000", 
        "type": "buy", 
        "amount": "0.00503749"
    }, 
    {
        "date": "1579257026", 
        "tid": "14382650", 
        "price": "120842000", 
        "type": "buy", 
        "amount": "0.00281197"
    }, 
    {
        "date": "1579257026", 
        "tid": "14382649", 
        "price": "120841000", 
        "type": "buy", 
        "amount": "0.00216307"
    }, 
    {
        "date": "1579257026", 
        "tid": "14382648", 
        "price": "120840000", 
        "type": "buy", 
        "amount": "0.00151416"
    }, 
    {
        "date": "1579257026", 
        "tid": "14382647", 
        "price": "120839000", 
        "type": "buy", 
        "amount": "0.00086524"
    }, 
    {
        "date": "1579257026", 
        "tid": "14382646", 
        "price": "120798000", 
        "type": "buy", 
        "amount": "0.00159913"
    }, 
    {
        "date": "1579257026", 
        "tid": "14382645", 
        "price": "120751000", 
        "type": "buy", 
        "amount": "0.05000000"
    }, 
    {
        "date": "1579256952", 
        "tid": "14382644", 
        "price": "120750000", 
        "type": "buy", 
        "amount": "0.01242779"
    }, 
    {
        "date": "1579256937", 
        "tid": "14382643", 
        "price": "120749000", 
        "type": "buy", 
        "amount": "0.00437110"
    }, 
    {
        "date": "1579256924", 
        "tid": "14382642", 
        "price": "120751000", 
        "type": "buy", 
        "amount": "0.00165428"
    }, 
    {
        "date": "1579256923", 
        "tid": "14382641", 
        "price": "120751000", 
        "type": "buy", 
        "amount": "0.55175716"
    }, 
    {
        "date": "1579256923", 
        "tid": "14382640", 
        "price": "120651000", 
        "type": "sell", 
        "amount": "0.17841538"
    }, 
    {
        "date": "1579256923", 
        "tid": "14382639", 
        "price": "120670000", 
        "type": "sell", 
        "amount": "0.00067890"
    }, 
    {
        "date": "1579256923", 
        "tid": "14382638", 
        "price": "120700000", 
        "type": "sell", 
        "amount": "0.00828500"
    }, 
    {
        "date": "1579256923", 
        "tid": "14382637", 
        "price": "120725000", 
        "type": "sell", 
        "amount": "0.00211601"
    }, 
    {
        "date": "1579256923", 
        "tid": "14382636", 
        "price": "120750000", 
        "type": "sell", 
        "amount": "0.00050471"
    }, 
    {
        "date": "1579256898", 
        "tid": "14382635", 
        "price": "120797000", 
        "type": "sell", 
        "amount": "0.05654484"
    }, 
    {
        "date": "1579256890", 
        "tid": "14382634", 
        "price": "120798000", 
        "type": "buy", 
        "amount": "0.00082535"
    }, 
    {
        "date": "1579256867", 
        "tid": "14382633", 
        "price": "120845000", 
        "type": "buy", 
        "amount": "0.05145164"
    }, 
    {
        "date": "1579256867", 
        "tid": "14382632", 
        "price": "120798000", 
        "type": "buy", 
        "amount": "0.05926851"
    }, 
    {
        "date": "1579256842", 
        "tid": "14382631", 
        "price": "120798000", 
        "type": "buy", 
        "amount": "0.00156817"
    }, 
    {
        "date": "1579256837", 
        "tid": "14382630", 
        "price": "120797000", 
        "type": "sell", 
        "amount": "0.04000000"
    }, 
    {
        "date": "1579256828", 
        "tid": "14382629", 
        "price": "120797000", 
        "type": "sell", 
        "amount": "0.07000000"
    }, 
    {
        "date": "1579256820", 
        "tid": "14382628", 
        "price": "120797000", 
        "type": "sell", 
        "amount": "0.12000000"
    }, 
    {
        "date": "1579256813", 
        "tid": "14382627", 
        "price": "120797000", 
        "type": "sell", 
        "amount": "0.01894404"
    }, 
    {
        "date": "1579256807", 
        "tid": "14382626", 
        "price": "120850000", 
        "type": "buy", 
        "amount": "0.00454348"
    }, 
    {
        "date": "1579256807", 
        "tid": "14382625", 
        "price": "120850000", 
        "type": "buy", 
        "amount": "0.00465520"
    }, 
    {
        "date": "1579256803", 
        "tid": "14382624", 
        "price": "120797000", 
        "type": "sell", 
        "amount": "0.10842868"
    }, 
    {
        "date": "1579256803", 
        "tid": "14382623", 
        "price": "120799000", 
        "type": "sell", 
        "amount": "0.00941891"
    }, 
    {
        "date": "1579256803", 
        "tid": "14382622", 
        "price": "120800000", 
        "type": "sell", 
        "amount": "0.00827814"
    }, 
    {
        "date": "1579256803", 
        "tid": "14382621", 
        "price": "120801000", 
        "type": "sell", 
        "amount": "0.00074469"
    }, 
    {
        "date": "1579256803", 
        "tid": "14382620", 
        "price": "120816000", 
        "type": "sell", 
        "amount": "0.24115760"
    }, 
    {
        "date": "1579256803", 
        "tid": "14382619", 
        "price": "120843000", 
        "type": "sell", 
        "amount": "0.00112200"
    }, 
    {
        "date": "1579256803", 
        "tid": "14382618", 
        "price": "120845000", 
        "type": "sell", 
        "amount": "0.00520986"
    }, 
    {
        "date": "1579256803", 
        "tid": "14382617", 
        "price": "120850000", 
        "type": "sell", 
        "amount": "0.21564012"
    }, 
    {
        "date": "1579256795", 
        "tid": "14382616", 
        "price": "120851000", 
        "type": "sell", 
        "amount": "0.00106060"
    }, 
    {
        "date": "1579256795", 
        "tid": "14382615", 
        "price": "120888000", 
        "type": "sell", 
        "amount": "0.01524258"
    }, 
    {
        "date": "1579256782", 
        "tid": "14382614", 
        "price": "120888000", 
        "type": "sell", 
        "amount": "0.00096675"
    }, 
    {
        "date": "1579256776", 
        "tid": "14382613", 
        "price": "120996000", 
        "type": "buy", 
        "amount": "0.00377452"
    }, 
    {
        "date": "1579256773", 
        "tid": "14382612", 
        "price": "120996000", 
        "type": "buy", 
        "amount": "0.19728172"
    }, 
    {
        "date": "1579256766", 
        "tid": "14382611", 
        "price": "121001000", 
        "type": "sell", 
        "amount": "0.00330575"
    }, 
    {
        "date": "1579256763", 
        "tid": "14382610", 
        "price": "120888000", 
        "type": "sell", 
        "amount": "0.02391045"
    }, 
    {
        "date": "1579256763", 
        "tid": "14382609", 
        "price": "120900000", 
        "type": "sell", 
        "amount": "0.01402927"
    }, 
    {
        "date": "1579256763", 
        "tid": "14382608", 
        "price": "120901000", 
        "type": "sell", 
        "amount": "0.08762541"
    }, 
    {
        "date": "1579256763", 
        "tid": "14382607", 
        "price": "120910000", 
        "type": "sell", 
        "amount": "0.00827061"
    }, 
    {
        "date": "1579256763", 
        "tid": "14382606", 
        "price": "120950000", 
        "type": "sell", 
        "amount": "0.00568922"
    }, 
    {
        "date": "1579256763", 
        "tid": "14382605", 
        "price": "120981000", 
        "type": "sell", 
        "amount": "0.00062790"
    }, 
    {
        "date": "1579256763", 
        "tid": "14382604", 
        "price": "120986000", 
        "type": "sell", 
        "amount": "0.11671583"
    }, 
    {
        "date": "1579256763", 
        "tid": "14382603", 
        "price": "120989000", 
        "type": "sell", 
        "amount": "0.00067889"
    }, 
    {
        "date": "1579256763", 
        "tid": "14382602", 
        "price": "120998000", 
        "type": "sell", 
        "amount": "0.00044033"
    }, 
    {
        "date": "1579256763", 
        "tid": "14382601", 
        "price": "121000000", 
        "type": "sell", 
        "amount": "0.33201209"
    }, 
    {
        "date": "1579256762", 
        "tid": "14382600", 
        "price": "121000000", 
        "type": "sell", 
        "amount": "0.89510525"
    }, 
    {
        "date": "1579256762", 
        "tid": "14382599", 
        "price": "121001000", 
        "type": "sell", 
        "amount": "0.14026252"
    }, 
    {
        "date": "1579256675", 
        "tid": "14382598", 
        "price": "121001000", 
        "type": "sell", 
        "amount": "0.00262416"
    }, 
    {
        "date": "1579256624", 
        "tid": "14382597", 
        "price": "121125000", 
        "type": "buy", 
        "amount": "0.00082312"
    }, 
    {
        "date": "1579256599", 
        "tid": "14382596", 
        "price": "121130000", 
        "type": "buy", 
        "amount": "0.00411545"
    }, 
    {
        "date": "1579256596", 
        "tid": "14382595", 
        "price": "121130000", 
        "type": "buy", 
        "amount": "0.05380948"
    }, 
    {
        "date": "1579256570", 
        "tid": "14382594", 
        "price": "121136000", 
        "type": "buy", 
        "amount": "0.01234574"
    }, 
    {
        "date": "1579256555", 
        "tid": "14382593", 
        "price": "121000000", 
        "type": "sell", 
        "amount": "0.00110587"
    }, 
    {
        "date": "1579256535", 
        "tid": "14382592", 
        "price": "121000000", 
        "type": "sell", 
        "amount": "1.12950281"
    }, 
    {
        "date": "1579256515", 
        "tid": "14382591", 
        "price": "121000000", 
        "type": "sell", 
        "amount": "1.32602926"
    }, 
    {
        "date": "1579256515", 
        "tid": "14382590", 
        "price": "121020000", 
        "type": "sell", 
        "amount": "0.00244472"
    }, 
    {
        "date": "1579256515", 
        "tid": "14382589", 
        "price": "121036000", 
        "type": "sell", 
        "amount": "0.03836531"
    }, 
    {
        "date": "1579256515", 
        "tid": "14382588", 
        "price": "121037000", 
        "type": "sell", 
        "amount": "0.00074469"
    }, 
    {
        "date": "1579256515", 
        "tid": "14382587", 
        "price": "121045000", 
        "type": "sell", 
        "amount": "0.00361985"
    }, 
    {
        "date": "1579256515", 
        "tid": "14382586", 
        "price": "121046000", 
        "type": "sell", 
        "amount": "0.00417721"
    }, 
    {
        "date": "1579256515", 
        "tid": "14382585", 
        "price": "121047000", 
        "type": "sell", 
        "amount": "0.00292402"
    }, 
    {
        "date": "1579256515", 
        "tid": "14382584", 
        "price": "121048000", 
        "type": "sell", 
        "amount": "0.00167085"
    }, 
    {
        "date": "1579256515", 
        "tid": "14382583", 
        "price": "121049000", 
        "type": "sell", 
        "amount": "0.00128873"
    }, 
    {
        "date": "1579256515", 
        "tid": "14382582", 
        "price": "121069000", 
        "type": "sell", 
        "amount": "0.00112199"
    }, 
    {
        "date": "1579256515", 
        "tid": "14382581", 
        "price": "121099000", 
        "type": "sell", 
        "amount": "0.00078813"
    }, 
    {
        "date": "1579256515", 
        "tid": "14382580", 
        "price": "121100000", 
        "type": "sell", 
        "amount": "0.02477291"
    }
]