[
    {
        "date": "1579302134", 
        "tid": "14384600", 
        "price": "120899000", 
        "type": "sell", 
        "amount": "0.00251992"
    }, 
    {
        "date": "1579301623", 
        "tid": "14384599", 
        "price": "120898000", 
        "type": "sell", 
        "amount": "0.00119895"
    }, 
    {
        "date": "1579301621", 
        "tid": "14384598", 
        "price": "120900000", 
        "type": "buy", 
        "amount": "0.17008076"
    }, 
    {
        "date": "1579301621", 
        "tid": "14384597", 
        "price": "120899000", 
        "type": "buy", 
        "amount": "0.00563920"
    }, 
    {
        "date": "1579301621", 
        "tid": "14384596", 
        "price": "120898000", 
        "type": "buy", 
        "amount": "0.04135751"
    }, 
    {
        "date": "1579301548", 
        "tid": "14384595", 
        "price": "120897000", 
        "type": "sell", 
        "amount": "0.01019357"
    }, 
    {
        "date": "1579301414", 
        "tid": "14384594", 
        "price": "120734000", 
        "type": "sell", 
        "amount": "0.00688873"
    }, 
    {
        "date": "1579301368", 
        "tid": "14384593", 
        "price": "120733000", 
        "type": "sell", 
        "amount": "0.00122014"
    }, 
    {
        "date": "1579301358", 
        "tid": "14384592", 
        "price": "120733000", 
        "type": "sell", 
        "amount": "0.00291043"
    }, 
    {
        "date": "1579301358", 
        "tid": "14384591", 
        "price": "120736000", 
        "type": "sell", 
        "amount": "0.00542157"
    }, 
    {
        "date": "1579301243", 
        "tid": "14384590", 
        "price": "120897000", 
        "type": "buy", 
        "amount": "0.00780400"
    }, 
    {
        "date": "1579301243", 
        "tid": "14384589", 
        "price": "120867000", 
        "type": "buy", 
        "amount": "0.00256592"
    }, 
    {
        "date": "1579301243", 
        "tid": "14384588", 
        "price": "120843000", 
        "type": "buy", 
        "amount": "0.00112200"
    }, 
    {
        "date": "1579301243", 
        "tid": "14384587", 
        "price": "120822000", 
        "type": "buy", 
        "amount": "0.00665147"
    }, 
    {
        "date": "1579301243", 
        "tid": "14384586", 
        "price": "120819000", 
        "type": "buy", 
        "amount": "0.00630000"
    }, 
    {
        "date": "1579301243", 
        "tid": "14384585", 
        "price": "120816000", 
        "type": "buy", 
        "amount": "0.00244472"
    }, 
    {
        "date": "1579301243", 
        "tid": "14384584", 
        "price": "120801000", 
        "type": "buy", 
        "amount": "0.00074470"
    }, 
    {
        "date": "1579301243", 
        "tid": "14384583", 
        "price": "120792000", 
        "type": "buy", 
        "amount": "0.00602328"
    }, 
    {
        "date": "1579301243", 
        "tid": "14384582", 
        "price": "120789000", 
        "type": "buy", 
        "amount": "0.00583822"
    }, 
    {
        "date": "1579301243", 
        "tid": "14384581", 
        "price": "120750000", 
        "type": "buy", 
        "amount": "0.00050472"
    }, 
    {
        "date": "1579301243", 
        "tid": "14384580", 
        "price": "120734000", 
        "type": "buy", 
        "amount": "0.09299992"
    }, 
    {
        "date": "1579301177", 
        "tid": "14384579", 
        "price": "120610000", 
        "type": "sell", 
        "amount": "0.00636531"
    }, 
    {
        "date": "1579301165", 
        "tid": "14384578", 
        "price": "120734000", 
        "type": "buy", 
        "amount": "0.00166552"
    }, 
    {
        "date": "1579301153", 
        "tid": "14384577", 
        "price": "120527000", 
        "type": "sell", 
        "amount": "0.28164793"
    }, 
    {
        "date": "1579301137", 
        "tid": "14384576", 
        "price": "120527000", 
        "type": "sell", 
        "amount": "0.00340296"
    }, 
    {
        "date": "1579300995", 
        "tid": "14384575", 
        "price": "120525000", 
        "type": "buy", 
        "amount": "0.00336629"
    }, 
    {
        "date": "1579300824", 
        "tid": "14384574", 
        "price": "120733000", 
        "type": "buy", 
        "amount": "0.01138460"
    }, 
    {
        "date": "1579300824", 
        "tid": "14384573", 
        "price": "120732000", 
        "type": "buy", 
        "amount": "0.00343848"
    }, 
    {
        "date": "1579300813", 
        "tid": "14384572", 
        "price": "120732000", 
        "type": "buy", 
        "amount": "0.07304485"
    }, 
    {
        "date": "1579300778", 
        "tid": "14384571", 
        "price": "120734000", 
        "type": "buy", 
        "amount": "0.08192485"
    }, 
    {
        "date": "1579300776", 
        "tid": "14384570", 
        "price": "120734000", 
        "type": "buy", 
        "amount": "0.00695699"
    }, 
    {
        "date": "1579300768", 
        "tid": "14384569", 
        "price": "120735000", 
        "type": "buy", 
        "amount": "0.00695693"
    }, 
    {
        "date": "1579300761", 
        "tid": "14384568", 
        "price": "120735000", 
        "type": "buy", 
        "amount": "0.00456505"
    }, 
    {
        "date": "1579300761", 
        "tid": "14384567", 
        "price": "120702000", 
        "type": "buy", 
        "amount": "0.00171384"
    }, 
    {
        "date": "1579300761", 
        "tid": "14384566", 
        "price": "120670000", 
        "type": "buy", 
        "amount": "0.00067890"
    }, 
    {
        "date": "1579300753", 
        "tid": "14384565", 
        "price": "120669000", 
        "type": "buy", 
        "amount": "0.00594767"
    }, 
    {
        "date": "1579300753", 
        "tid": "14384564", 
        "price": "120668000", 
        "type": "buy", 
        "amount": "0.00101308"
    }, 
    {
        "date": "1579300745", 
        "tid": "14384563", 
        "price": "120668000", 
        "type": "buy", 
        "amount": "0.00178719"
    }, 
    {
        "date": "1579300745", 
        "tid": "14384562", 
        "price": "120632000", 
        "type": "buy", 
        "amount": "0.00044034"
    }, 
    {
        "date": "1579300745", 
        "tid": "14384561", 
        "price": "120619000", 
        "type": "buy", 
        "amount": "0.00256592"
    }, 
    {
        "date": "1579300745", 
        "tid": "14384560", 
        "price": "120617000", 
        "type": "buy", 
        "amount": "0.00112200"
    }, 
    {
        "date": "1579300745", 
        "tid": "14384559", 
        "price": "120612000", 
        "type": "buy", 
        "amount": "0.00104752"
    }, 
    {
        "date": "1579300701", 
        "tid": "14384558", 
        "price": "120612000", 
        "type": "buy", 
        "amount": "0.00139720"
    }, 
    {
        "date": "1579300701", 
        "tid": "14384557", 
        "price": "120565000", 
        "type": "buy", 
        "amount": "0.00128751"
    }, 
    {
        "date": "1579300701", 
        "tid": "14384556", 
        "price": "120513000", 
        "type": "buy", 
        "amount": "0.00076830"
    }, 
    {
        "date": "1579300701", 
        "tid": "14384555", 
        "price": "120500000", 
        "type": "buy", 
        "amount": "0.32750229"
    }, 
    {
        "date": "1579300655", 
        "tid": "14384554", 
        "price": "120500000", 
        "type": "buy", 
        "amount": "0.00697050"
    }, 
    {
        "date": "1579300647", 
        "tid": "14384553", 
        "price": "120500000", 
        "type": "buy", 
        "amount": "0.00697050"
    }, 
    {
        "date": "1579300623", 
        "tid": "14384552", 
        "price": "120499000", 
        "type": "sell", 
        "amount": "0.09909118"
    }, 
    {
        "date": "1579300516", 
        "tid": "14384551", 
        "price": "120500000", 
        "type": "buy", 
        "amount": "0.01262115"
    }, 
    {
        "date": "1579300481", 
        "tid": "14384550", 
        "price": "120500000", 
        "type": "buy", 
        "amount": "0.00606851"
    }, 
    {
        "date": "1579300481", 
        "tid": "14384549", 
        "price": "120489000", 
        "type": "buy", 
        "amount": "0.00523268"
    }, 
    {
        "date": "1579300468", 
        "tid": "14384548", 
        "price": "120489000", 
        "type": "buy", 
        "amount": "0.01823220"
    }, 
    {
        "date": "1579300460", 
        "tid": "14384547", 
        "price": "120489000", 
        "type": "buy", 
        "amount": "0.00914479"
    }, 
    {
        "date": "1579300460", 
        "tid": "14384546", 
        "price": "120486000", 
        "type": "buy", 
        "amount": "0.01079309"
    }, 
    {
        "date": "1579300460", 
        "tid": "14384545", 
        "price": "120475000", 
        "type": "buy", 
        "amount": "0.00811290"
    }, 
    {
        "date": "1579300452", 
        "tid": "14384544", 
        "price": "120475000", 
        "type": "buy", 
        "amount": "0.02384488"
    }, 
    {
        "date": "1579300442", 
        "tid": "14384543", 
        "price": "120475000", 
        "type": "buy", 
        "amount": "0.00273629"
    }, 
    {
        "date": "1579300442", 
        "tid": "14384542", 
        "price": "120474000", 
        "type": "buy", 
        "amount": "0.02531673"
    }, 
    {
        "date": "1579300400", 
        "tid": "14384541", 
        "price": "120474000", 
        "type": "buy", 
        "amount": "0.01241358"
    }, 
    {
        "date": "1579300380", 
        "tid": "14384540", 
        "price": "120474000", 
        "type": "buy", 
        "amount": "0.00103447"
    }, 
    {
        "date": "1579300339", 
        "tid": "14384539", 
        "price": "120475000", 
        "type": "buy", 
        "amount": "0.00680866"
    }, 
    {
        "date": "1579300248", 
        "tid": "14384538", 
        "price": "120474000", 
        "type": "buy", 
        "amount": "0.00048420"
    }, 
    {
        "date": "1579300199", 
        "tid": "14384537", 
        "price": "120474000", 
        "type": "buy", 
        "amount": "0.00163031"
    }, 
    {
        "date": "1579300121", 
        "tid": "14384536", 
        "price": "120301000", 
        "type": "sell", 
        "amount": "0.00045169"
    }, 
    {
        "date": "1579300112", 
        "tid": "14384535", 
        "price": "120301000", 
        "type": "sell", 
        "amount": "0.00042669"
    }, 
    {
        "date": "1579300011", 
        "tid": "14384534", 
        "price": "120301000", 
        "type": "sell", 
        "amount": "0.00085105"
    }, 
    {
        "date": "1579299994", 
        "tid": "14384533", 
        "price": "120486000", 
        "type": "buy", 
        "amount": "0.01903226"
    }, 
    {
        "date": "1579299946", 
        "tid": "14384532", 
        "price": "120300000", 
        "type": "sell", 
        "amount": "0.00571717"
    }, 
    {
        "date": "1579299892", 
        "tid": "14384531", 
        "price": "120300000", 
        "type": "sell", 
        "amount": "0.01682585"
    }, 
    {
        "date": "1579299892", 
        "tid": "14384530", 
        "price": "120485000", 
        "type": "sell", 
        "amount": "0.01247814"
    }, 
    {
        "date": "1579299755", 
        "tid": "14384529", 
        "price": "120485000", 
        "type": "sell", 
        "amount": "0.00207900"
    }, 
    {
        "date": "1579299557", 
        "tid": "14384528", 
        "price": "120485000", 
        "type": "sell", 
        "amount": "0.08971302"
    }, 
    {
        "date": "1579299521", 
        "tid": "14384527", 
        "price": "120485000", 
        "type": "sell", 
        "amount": "0.01037037"
    }, 
    {
        "date": "1579299482", 
        "tid": "14384526", 
        "price": "120485000", 
        "type": "sell", 
        "amount": "0.01036285"
    }, 
    {
        "date": "1579299471", 
        "tid": "14384525", 
        "price": "120485000", 
        "type": "sell", 
        "amount": "0.01151428"
    }, 
    {
        "date": "1579299463", 
        "tid": "14384524", 
        "price": "120485000", 
        "type": "sell", 
        "amount": "0.01151428"
    }, 
    {
        "date": "1579299269", 
        "tid": "14384523", 
        "price": "120486000", 
        "type": "buy", 
        "amount": "0.00042202"
    }, 
    {
        "date": "1579299103", 
        "tid": "14384522", 
        "price": "120485000", 
        "type": "sell", 
        "amount": "0.00083457"
    }, 
    {
        "date": "1579299063", 
        "tid": "14384521", 
        "price": "120300000", 
        "type": "sell", 
        "amount": "0.00373826"
    }, 
    {
        "date": "1579299001", 
        "tid": "14384520", 
        "price": "120300000", 
        "type": "sell", 
        "amount": "0.00276565"
    }, 
    {
        "date": "1579298924", 
        "tid": "14384519", 
        "price": "120300000", 
        "type": "sell", 
        "amount": "0.02872667"
    }, 
    {
        "date": "1579298924", 
        "tid": "14384518", 
        "price": "120301000", 
        "type": "sell", 
        "amount": "0.00125065"
    }, 
    {
        "date": "1579298903", 
        "tid": "14384517", 
        "price": "120301000", 
        "type": "sell", 
        "amount": "0.03266395"
    }, 
    {
        "date": "1579298850", 
        "tid": "14384516", 
        "price": "120294000", 
        "type": "sell", 
        "amount": "0.01691248"
    }, 
    {
        "date": "1579298839", 
        "tid": "14384515", 
        "price": "120294000", 
        "type": "sell", 
        "amount": "0.01633292"
    }, 
    {
        "date": "1579298822", 
        "tid": "14384514", 
        "price": "120294000", 
        "type": "sell", 
        "amount": "0.01559351"
    }, 
    {
        "date": "1579298822", 
        "tid": "14384513", 
        "price": "120488000", 
        "type": "sell", 
        "amount": "0.00042327"
    }, 
    {
        "date": "1579298804", 
        "tid": "14384512", 
        "price": "120294000", 
        "type": "sell", 
        "amount": "0.00816646"
    }, 
    {
        "date": "1579298752", 
        "tid": "14384511", 
        "price": "120294000", 
        "type": "sell", 
        "amount": "0.06484451"
    }, 
    {
        "date": "1579298746", 
        "tid": "14384510", 
        "price": "120489000", 
        "type": "buy", 
        "amount": "0.00940852"
    }, 
    {
        "date": "1579298746", 
        "tid": "14384509", 
        "price": "120408000", 
        "type": "buy", 
        "amount": "0.00233882"
    }, 
    {
        "date": "1579298719", 
        "tid": "14384508", 
        "price": "120408000", 
        "type": "buy", 
        "amount": "0.00782509"
    }, 
    {
        "date": "1579298719", 
        "tid": "14384507", 
        "price": "120392000", 
        "type": "buy", 
        "amount": "0.00112200"
    }, 
    {
        "date": "1579298719", 
        "tid": "14384506", 
        "price": "120370000", 
        "type": "buy", 
        "amount": "0.00057787"
    }, 
    {
        "date": "1579298719", 
        "tid": "14384505", 
        "price": "120294000", 
        "type": "buy", 
        "amount": "0.00042563"
    }, 
    {
        "date": "1579298691", 
        "tid": "14384504", 
        "price": "120220000", 
        "type": "sell", 
        "amount": "0.02112795"
    }, 
    {
        "date": "1579298655", 
        "tid": "14384503", 
        "price": "120262000", 
        "type": "sell", 
        "amount": "0.00031457"
    }, 
    {
        "date": "1579298655", 
        "tid": "14384502", 
        "price": "120266000", 
        "type": "sell", 
        "amount": "0.00294712"
    }, 
    {
        "date": "1579298655", 
        "tid": "14384501", 
        "price": "120267000", 
        "type": "sell", 
        "amount": "0.00294710"
    }, 
    {
        "date": "1579298655", 
        "tid": "14384500", 
        "price": "120268000", 
        "type": "sell", 
        "amount": "0.00168404"
    }, 
    {
        "date": "1579298645", 
        "tid": "14384499", 
        "price": "120267000", 
        "type": "sell", 
        "amount": "0.00788187"
    }, 
    {
        "date": "1579298600", 
        "tid": "14384498", 
        "price": "120294000", 
        "type": "buy", 
        "amount": "0.00042737"
    }, 
    {
        "date": "1579298590", 
        "tid": "14384497", 
        "price": "120297000", 
        "type": "sell", 
        "amount": "0.00043023"
    }, 
    {
        "date": "1579298537", 
        "tid": "14384496", 
        "price": "120370000", 
        "type": "buy", 
        "amount": "0.00042243"
    }, 
    {
        "date": "1579298527", 
        "tid": "14384495", 
        "price": "120370000", 
        "type": "buy", 
        "amount": "0.00042243"
    }, 
    {
        "date": "1579298527", 
        "tid": "14384494", 
        "price": "120370000", 
        "type": "buy", 
        "amount": "0.00056239"
    }, 
    {
        "date": "1579298518", 
        "tid": "14384493", 
        "price": "120370000", 
        "type": "buy", 
        "amount": "0.00042243"
    }, 
    {
        "date": "1579298509", 
        "tid": "14384492", 
        "price": "120370000", 
        "type": "buy", 
        "amount": "0.00016607"
    }, 
    {
        "date": "1579298509", 
        "tid": "14384491", 
        "price": "120351000", 
        "type": "buy", 
        "amount": "0.00025641"
    }, 
    {
        "date": "1579298500", 
        "tid": "14384490", 
        "price": "120351000", 
        "type": "buy", 
        "amount": "0.00042249"
    }, 
    {
        "date": "1579298444", 
        "tid": "14384489", 
        "price": "120350000", 
        "type": "sell", 
        "amount": "0.12747100"
    }, 
    {
        "date": "1579298083", 
        "tid": "14384488", 
        "price": "120330000", 
        "type": "buy", 
        "amount": "0.00074470"
    }, 
    {
        "date": "1579298083", 
        "tid": "14384487", 
        "price": "120328000", 
        "type": "buy", 
        "amount": "0.09639867"
    }, 
    {
        "date": "1579298083", 
        "tid": "14384486", 
        "price": "120327000", 
        "type": "buy", 
        "amount": "0.07028401"
    }, 
    {
        "date": "1579298079", 
        "tid": "14384485", 
        "price": "120327000", 
        "type": "buy", 
        "amount": "0.03540914"
    }, 
    {
        "date": "1579298079", 
        "tid": "14384484", 
        "price": "120326000", 
        "type": "buy", 
        "amount": "0.08507027"
    }, 
    {
        "date": "1579298048", 
        "tid": "14384483", 
        "price": "120325000", 
        "type": "buy", 
        "amount": "0.14542010"
    }, 
    {
        "date": "1579298048", 
        "tid": "14384482", 
        "price": "120250000", 
        "type": "buy", 
        "amount": "0.00050472"
    }, 
    {
        "date": "1579298048", 
        "tid": "14384481", 
        "price": "120204000", 
        "type": "buy", 
        "amount": "0.00244472"
    }, 
    {
        "date": "1579298048", 
        "tid": "14384480", 
        "price": "120200000", 
        "type": "buy", 
        "amount": "0.02000687"
    }, 
    {
        "date": "1579298048", 
        "tid": "14384479", 
        "price": "120170000", 
        "type": "buy", 
        "amount": "0.02219052"
    }, 
    {
        "date": "1579297678", 
        "tid": "14384478", 
        "price": "120120000", 
        "type": "sell", 
        "amount": "0.00320209"
    }, 
    {
        "date": "1579297593", 
        "tid": "14384477", 
        "price": "120120000", 
        "type": "sell", 
        "amount": "0.00043279"
    }, 
    {
        "date": "1579297536", 
        "tid": "14384476", 
        "price": "120170000", 
        "type": "buy", 
        "amount": "0.00343652"
    }, 
    {
        "date": "1579297536", 
        "tid": "14384475", 
        "price": "120122000", 
        "type": "buy", 
        "amount": "0.00385163"
    }, 
    {
        "date": "1579297536", 
        "tid": "14384474", 
        "price": "120121000", 
        "type": "buy", 
        "amount": "0.00421818"
    }, 
    {
        "date": "1579297292", 
        "tid": "14384473", 
        "price": "120121000", 
        "type": "buy", 
        "amount": "0.00415002"
    }, 
    {
        "date": "1579297036", 
        "tid": "14384472", 
        "price": "120056000", 
        "type": "sell", 
        "amount": "0.02824099"
    }, 
    {
        "date": "1579296993", 
        "tid": "14384471", 
        "price": "120056000", 
        "type": "sell", 
        "amount": "0.01107232"
    }, 
    {
        "date": "1579296958", 
        "tid": "14384470", 
        "price": "120056000", 
        "type": "sell", 
        "amount": "0.01135432"
    }, 
    {
        "date": "1579296732", 
        "tid": "14384469", 
        "price": "120056000", 
        "type": "sell", 
        "amount": "0.00257362"
    }, 
    {
        "date": "1579296731", 
        "tid": "14384468", 
        "price": "120056000", 
        "type": "sell", 
        "amount": "0.00078201"
    }, 
    {
        "date": "1579296731", 
        "tid": "14384467", 
        "price": "120155000", 
        "type": "sell", 
        "amount": "0.00179161"
    }, 
    {
        "date": "1579296730", 
        "tid": "14384466", 
        "price": "120155000", 
        "type": "sell", 
        "amount": "0.00257362"
    }, 
    {
        "date": "1579296729", 
        "tid": "14384465", 
        "price": "120155000", 
        "type": "sell", 
        "amount": "0.00257362"
    }, 
    {
        "date": "1579296729", 
        "tid": "14384464", 
        "price": "120155000", 
        "type": "sell", 
        "amount": "0.00257362"
    }, 
    {
        "date": "1579296728", 
        "tid": "14384463", 
        "price": "120155000", 
        "type": "sell", 
        "amount": "0.00257362"
    }, 
    {
        "date": "1579296728", 
        "tid": "14384462", 
        "price": "120155000", 
        "type": "sell", 
        "amount": "0.00257362"
    }, 
    {
        "date": "1579296727", 
        "tid": "14384461", 
        "price": "120155000", 
        "type": "sell", 
        "amount": "0.00257362"
    }, 
    {
        "date": "1579296726", 
        "tid": "14384460", 
        "price": "120155000", 
        "type": "sell", 
        "amount": "0.00257362"
    }, 
    {
        "date": "1579296726", 
        "tid": "14384459", 
        "price": "120155000", 
        "type": "sell", 
        "amount": "0.00257362"
    }, 
    {
        "date": "1579296725", 
        "tid": "14384458", 
        "price": "120155000", 
        "type": "sell", 
        "amount": "0.00257362"
    }, 
    {
        "date": "1579296724", 
        "tid": "14384457", 
        "price": "120155000", 
        "type": "sell", 
        "amount": "0.00257362"
    }, 
    {
        "date": "1579296724", 
        "tid": "14384456", 
        "price": "120155000", 
        "type": "sell", 
        "amount": "0.00257362"
    }, 
    {
        "date": "1579296723", 
        "tid": "14384455", 
        "price": "120155000", 
        "type": "sell", 
        "amount": "0.00257362"
    }, 
    {
        "date": "1579296722", 
        "tid": "14384454", 
        "price": "120155000", 
        "type": "sell", 
        "amount": "0.00257362"
    }, 
    {
        "date": "1579296722", 
        "tid": "14384453", 
        "price": "120155000", 
        "type": "sell", 
        "amount": "0.00257362"
    }, 
    {
        "date": "1579296721", 
        "tid": "14384452", 
        "price": "120155000", 
        "type": "sell", 
        "amount": "0.00257362"
    }, 
    {
        "date": "1579296720", 
        "tid": "14384451", 
        "price": "120155000", 
        "type": "sell", 
        "amount": "0.00257362"
    }
]