[
    {
        "date": "1579256952", 
        "tid": "14382644", 
        "price": "120750000", 
        "type": "buy", 
        "amount": "0.01242779"
    }, 
    {
        "date": "1579256937", 
        "tid": "14382643", 
        "price": "120749000", 
        "type": "buy", 
        "amount": "0.00437110"
    }, 
    {
        "date": "1579256924", 
        "tid": "14382642", 
        "price": "120751000", 
        "type": "buy", 
        "amount": "0.00165428"
    }, 
    {
        "date": "1579256923", 
        "tid": "14382641", 
        "price": "120751000", 
        "type": "buy", 
        "amount": "0.55175716"
    }, 
    {
        "date": "1579256923", 
        "tid": "14382640", 
        "price": "120651000", 
        "type": "sell", 
        "amount": "0.17841538"
    }, 
    {
        "date": "1579256923", 
        "tid": "14382639", 
        "price": "120670000", 
        "type": "sell", 
        "amount": "0.00067890"
    }, 
    {
        "date": "1579256923", 
        "tid": "14382638", 
        "price": "120700000", 
        "type": "sell", 
        "amount": "0.00828500"
    }, 
    {
        "date": "1579256923", 
        "tid": "14382637", 
        "price": "120725000", 
        "type": "sell", 
        "amount": "0.00211601"
    }, 
    {
        "date": "1579256923", 
        "tid": "14382636", 
        "price": "120750000", 
        "type": "sell", 
        "amount": "0.00050471"
    }, 
    {
        "date": "1579256898", 
        "tid": "14382635", 
        "price": "120797000", 
        "type": "sell", 
        "amount": "0.05654484"
    }, 
    {
        "date": "1579256890", 
        "tid": "14382634", 
        "price": "120798000", 
        "type": "buy", 
        "amount": "0.00082535"
    }, 
    {
        "date": "1579256867", 
        "tid": "14382633", 
        "price": "120845000", 
        "type": "buy", 
        "amount": "0.05145164"
    }, 
    {
        "date": "1579256867", 
        "tid": "14382632", 
        "price": "120798000", 
        "type": "buy", 
        "amount": "0.05926851"
    }, 
    {
        "date": "1579256842", 
        "tid": "14382631", 
        "price": "120798000", 
        "type": "buy", 
        "amount": "0.00156817"
    }, 
    {
        "date": "1579256837", 
        "tid": "14382630", 
        "price": "120797000", 
        "type": "sell", 
        "amount": "0.04000000"
    }, 
    {
        "date": "1579256828", 
        "tid": "14382629", 
        "price": "120797000", 
        "type": "sell", 
        "amount": "0.07000000"
    }, 
    {
        "date": "1579256820", 
        "tid": "14382628", 
        "price": "120797000", 
        "type": "sell", 
        "amount": "0.12000000"
    }, 
    {
        "date": "1579256813", 
        "tid": "14382627", 
        "price": "120797000", 
        "type": "sell", 
        "amount": "0.01894404"
    }, 
    {
        "date": "1579256807", 
        "tid": "14382626", 
        "price": "120850000", 
        "type": "buy", 
        "amount": "0.00454348"
    }, 
    {
        "date": "1579256807", 
        "tid": "14382625", 
        "price": "120850000", 
        "type": "buy", 
        "amount": "0.00465520"
    }, 
    {
        "date": "1579256803", 
        "tid": "14382624", 
        "price": "120797000", 
        "type": "sell", 
        "amount": "0.10842868"
    }, 
    {
        "date": "1579256803", 
        "tid": "14382623", 
        "price": "120799000", 
        "type": "sell", 
        "amount": "0.00941891"
    }, 
    {
        "date": "1579256803", 
        "tid": "14382622", 
        "price": "120800000", 
        "type": "sell", 
        "amount": "0.00827814"
    }, 
    {
        "date": "1579256803", 
        "tid": "14382621", 
        "price": "120801000", 
        "type": "sell", 
        "amount": "0.00074469"
    }, 
    {
        "date": "1579256803", 
        "tid": "14382620", 
        "price": "120816000", 
        "type": "sell", 
        "amount": "0.24115760"
    }, 
    {
        "date": "1579256803", 
        "tid": "14382619", 
        "price": "120843000", 
        "type": "sell", 
        "amount": "0.00112200"
    }, 
    {
        "date": "1579256803", 
        "tid": "14382618", 
        "price": "120845000", 
        "type": "sell", 
        "amount": "0.00520986"
    }, 
    {
        "date": "1579256803", 
        "tid": "14382617", 
        "price": "120850000", 
        "type": "sell", 
        "amount": "0.21564012"
    }, 
    {
        "date": "1579256795", 
        "tid": "14382616", 
        "price": "120851000", 
        "type": "sell", 
        "amount": "0.00106060"
    }, 
    {
        "date": "1579256795", 
        "tid": "14382615", 
        "price": "120888000", 
        "type": "sell", 
        "amount": "0.01524258"
    }, 
    {
        "date": "1579256782", 
        "tid": "14382614", 
        "price": "120888000", 
        "type": "sell", 
        "amount": "0.00096675"
    }, 
    {
        "date": "1579256776", 
        "tid": "14382613", 
        "price": "120996000", 
        "type": "buy", 
        "amount": "0.00377452"
    }, 
    {
        "date": "1579256773", 
        "tid": "14382612", 
        "price": "120996000", 
        "type": "buy", 
        "amount": "0.19728172"
    }, 
    {
        "date": "1579256766", 
        "tid": "14382611", 
        "price": "121001000", 
        "type": "sell", 
        "amount": "0.00330575"
    }, 
    {
        "date": "1579256763", 
        "tid": "14382610", 
        "price": "120888000", 
        "type": "sell", 
        "amount": "0.02391045"
    }, 
    {
        "date": "1579256763", 
        "tid": "14382609", 
        "price": "120900000", 
        "type": "sell", 
        "amount": "0.01402927"
    }, 
    {
        "date": "1579256763", 
        "tid": "14382608", 
        "price": "120901000", 
        "type": "sell", 
        "amount": "0.08762541"
    }, 
    {
        "date": "1579256763", 
        "tid": "14382607", 
        "price": "120910000", 
        "type": "sell", 
        "amount": "0.00827061"
    }, 
    {
        "date": "1579256763", 
        "tid": "14382606", 
        "price": "120950000", 
        "type": "sell", 
        "amount": "0.00568922"
    }, 
    {
        "date": "1579256763", 
        "tid": "14382605", 
        "price": "120981000", 
        "type": "sell", 
        "amount": "0.00062790"
    }, 
    {
        "date": "1579256763", 
        "tid": "14382604", 
        "price": "120986000", 
        "type": "sell", 
        "amount": "0.11671583"
    }, 
    {
        "date": "1579256763", 
        "tid": "14382603", 
        "price": "120989000", 
        "type": "sell", 
        "amount": "0.00067889"
    }, 
    {
        "date": "1579256763", 
        "tid": "14382602", 
        "price": "120998000", 
        "type": "sell", 
        "amount": "0.00044033"
    }, 
    {
        "date": "1579256763", 
        "tid": "14382601", 
        "price": "121000000", 
        "type": "sell", 
        "amount": "0.33201209"
    }, 
    {
        "date": "1579256762", 
        "tid": "14382600", 
        "price": "121000000", 
        "type": "sell", 
        "amount": "0.89510525"
    }, 
    {
        "date": "1579256762", 
        "tid": "14382599", 
        "price": "121001000", 
        "type": "sell", 
        "amount": "0.14026252"
    }, 
    {
        "date": "1579256675", 
        "tid": "14382598", 
        "price": "121001000", 
        "type": "sell", 
        "amount": "0.00262416"
    }, 
    {
        "date": "1579256624", 
        "tid": "14382597", 
        "price": "121125000", 
        "type": "buy", 
        "amount": "0.00082312"
    }, 
    {
        "date": "1579256599", 
        "tid": "14382596", 
        "price": "121130000", 
        "type": "buy", 
        "amount": "0.00411545"
    }, 
    {
        "date": "1579256596", 
        "tid": "14382595", 
        "price": "121130000", 
        "type": "buy", 
        "amount": "0.05380948"
    }, 
    {
        "date": "1579256570", 
        "tid": "14382594", 
        "price": "121136000", 
        "type": "buy", 
        "amount": "0.01234574"
    }, 
    {
        "date": "1579256555", 
        "tid": "14382593", 
        "price": "121000000", 
        "type": "sell", 
        "amount": "0.00110587"
    }, 
    {
        "date": "1579256535", 
        "tid": "14382592", 
        "price": "121000000", 
        "type": "sell", 
        "amount": "1.12950281"
    }, 
    {
        "date": "1579256515", 
        "tid": "14382591", 
        "price": "121000000", 
        "type": "sell", 
        "amount": "1.32602926"
    }, 
    {
        "date": "1579256515", 
        "tid": "14382590", 
        "price": "121020000", 
        "type": "sell", 
        "amount": "0.00244472"
    }, 
    {
        "date": "1579256515", 
        "tid": "14382589", 
        "price": "121036000", 
        "type": "sell", 
        "amount": "0.03836531"
    }, 
    {
        "date": "1579256515", 
        "tid": "14382588", 
        "price": "121037000", 
        "type": "sell", 
        "amount": "0.00074469"
    }, 
    {
        "date": "1579256515", 
        "tid": "14382587", 
        "price": "121045000", 
        "type": "sell", 
        "amount": "0.00361985"
    }, 
    {
        "date": "1579256515", 
        "tid": "14382586", 
        "price": "121046000", 
        "type": "sell", 
        "amount": "0.00417721"
    }, 
    {
        "date": "1579256515", 
        "tid": "14382585", 
        "price": "121047000", 
        "type": "sell", 
        "amount": "0.00292402"
    }, 
    {
        "date": "1579256515", 
        "tid": "14382584", 
        "price": "121048000", 
        "type": "sell", 
        "amount": "0.00167085"
    }, 
    {
        "date": "1579256515", 
        "tid": "14382583", 
        "price": "121049000", 
        "type": "sell", 
        "amount": "0.00128873"
    }, 
    {
        "date": "1579256515", 
        "tid": "14382582", 
        "price": "121069000", 
        "type": "sell", 
        "amount": "0.00112199"
    }, 
    {
        "date": "1579256515", 
        "tid": "14382581", 
        "price": "121099000", 
        "type": "sell", 
        "amount": "0.00078813"
    }, 
    {
        "date": "1579256515", 
        "tid": "14382580", 
        "price": "121100000", 
        "type": "sell", 
        "amount": "0.02477291"
    }, 
    {
        "date": "1579256515", 
        "tid": "14382579", 
        "price": "121106000", 
        "type": "sell", 
        "amount": "0.10904555"
    }, 
    {
        "date": "1579256515", 
        "tid": "14382578", 
        "price": "121180000", 
        "type": "sell", 
        "amount": "0.08300678"
    }, 
    {
        "date": "1579256510", 
        "tid": "14382577", 
        "price": "121200000", 
        "type": "sell", 
        "amount": "0.02475247"
    }, 
    {
        "date": "1579256506", 
        "tid": "14382576", 
        "price": "121218000", 
        "type": "buy", 
        "amount": "0.00822492"
    }, 
    {
        "date": "1579256502", 
        "tid": "14382575", 
        "price": "121219000", 
        "type": "sell", 
        "amount": "0.00494723"
    }, 
    {
        "date": "1579256498", 
        "tid": "14382574", 
        "price": "121220000", 
        "type": "sell", 
        "amount": "0.00074245"
    }, 
    {
        "date": "1579256495", 
        "tid": "14382573", 
        "price": "121221000", 
        "type": "buy", 
        "amount": "0.11131194"
    }, 
    {
        "date": "1579256488", 
        "tid": "14382572", 
        "price": "121223000", 
        "type": "buy", 
        "amount": "0.00822458"
    }, 
    {
        "date": "1579256470", 
        "tid": "14382571", 
        "price": "121222000", 
        "type": "buy", 
        "amount": "0.32056215"
    }, 
    {
        "date": "1579256462", 
        "tid": "14382570", 
        "price": "121224000", 
        "type": "sell", 
        "amount": "0.00584997"
    }, 
    {
        "date": "1579256446", 
        "tid": "14382569", 
        "price": "121225000", 
        "type": "buy", 
        "amount": "0.00191857"
    }, 
    {
        "date": "1579256444", 
        "tid": "14382568", 
        "price": "121224000", 
        "type": "sell", 
        "amount": "0.00071934"
    }, 
    {
        "date": "1579256435", 
        "tid": "14382567", 
        "price": "121225000", 
        "type": "sell", 
        "amount": "0.10482285"
    }, 
    {
        "date": "1579256435", 
        "tid": "14382566", 
        "price": "121226000", 
        "type": "sell", 
        "amount": "0.06847058"
    }, 
    {
        "date": "1579256433", 
        "tid": "14382565", 
        "price": "121225000", 
        "type": "sell", 
        "amount": "0.06600000"
    }, 
    {
        "date": "1579256430", 
        "tid": "14382564", 
        "price": "121226000", 
        "type": "sell", 
        "amount": "0.01317520"
    }, 
    {
        "date": "1579256427", 
        "tid": "14382563", 
        "price": "121226000", 
        "type": "sell", 
        "amount": "0.10286014"
    }, 
    {
        "date": "1579256427", 
        "tid": "14382562", 
        "price": "121227000", 
        "type": "sell", 
        "amount": "0.07713986"
    }, 
    {
        "date": "1579256394", 
        "tid": "14382561", 
        "price": "121499000", 
        "type": "buy", 
        "amount": "0.00410295"
    }, 
    {
        "date": "1579256380", 
        "tid": "14382560", 
        "price": "121250000", 
        "type": "sell", 
        "amount": "0.00050471"
    }, 
    {
        "date": "1579256380", 
        "tid": "14382559", 
        "price": "121318000", 
        "type": "sell", 
        "amount": "0.00115091"
    }, 
    {
        "date": "1579256380", 
        "tid": "14382558", 
        "price": "121319000", 
        "type": "sell", 
        "amount": "0.00054683"
    }, 
    {
        "date": "1579256380", 
        "tid": "14382557", 
        "price": "121328000", 
        "type": "sell", 
        "amount": "0.24761469"
    }, 
    {
        "date": "1579256380", 
        "tid": "14382556", 
        "price": "121333000", 
        "type": "sell", 
        "amount": "0.00283517"
    }, 
    {
        "date": "1579256380", 
        "tid": "14382555", 
        "price": "121491000", 
        "type": "sell", 
        "amount": "0.00207382"
    }, 
    {
        "date": "1579256380", 
        "tid": "14382554", 
        "price": "121499000", 
        "type": "sell", 
        "amount": "0.09840814"
    }, 
    {
        "date": "1579256379", 
        "tid": "14382553", 
        "price": "121499000", 
        "type": "sell", 
        "amount": "0.07000000"
    }, 
    {
        "date": "1579256373", 
        "tid": "14382552", 
        "price": "121499000", 
        "type": "sell", 
        "amount": "0.00791158"
    }, 
    {
        "date": "1579256345", 
        "tid": "14382551", 
        "price": "121500000", 
        "type": "buy", 
        "amount": "0.01641167"
    }, 
    {
        "date": "1579256340", 
        "tid": "14382550", 
        "price": "121500000", 
        "type": "buy", 
        "amount": "0.01994018"
    }, 
    {
        "date": "1579256315", 
        "tid": "14382549", 
        "price": "121500000", 
        "type": "buy", 
        "amount": "0.01014871"
    }, 
    {
        "date": "1579256313", 
        "tid": "14382548", 
        "price": "121499000", 
        "type": "sell", 
        "amount": "0.00100000"
    }, 
    {
        "date": "1579256312", 
        "tid": "14382547", 
        "price": "121500000", 
        "type": "buy", 
        "amount": "0.31466376"
    }, 
    {
        "date": "1579256298", 
        "tid": "14382546", 
        "price": "121500000", 
        "type": "buy", 
        "amount": "0.01824548"
    }, 
    {
        "date": "1579256298", 
        "tid": "14382545", 
        "price": "121500000", 
        "type": "buy", 
        "amount": "1.03536777"
    }, 
    {
        "date": "1579256280", 
        "tid": "14382544", 
        "price": "121500000", 
        "type": "buy", 
        "amount": "1.48263708"
    }, 
    {
        "date": "1579256256", 
        "tid": "14382543", 
        "price": "121500000", 
        "type": "buy", 
        "amount": "0.30082230"
    }, 
    {
        "date": "1579256256", 
        "tid": "14382542", 
        "price": "121498000", 
        "type": "buy", 
        "amount": "0.10966688"
    }, 
    {
        "date": "1579256251", 
        "tid": "14382541", 
        "price": "121498000", 
        "type": "buy", 
        "amount": "0.00044312"
    }, 
    {
        "date": "1579256240", 
        "tid": "14382540", 
        "price": "121498000", 
        "type": "buy", 
        "amount": "0.00075489"
    }, 
    {
        "date": "1579256238", 
        "tid": "14382539", 
        "price": "121498000", 
        "type": "buy", 
        "amount": "0.00984833"
    }, 
    {
        "date": "1579256213", 
        "tid": "14382538", 
        "price": "121491000", 
        "type": "sell", 
        "amount": "0.00430671"
    }, 
    {
        "date": "1579256211", 
        "tid": "14382537", 
        "price": "121498000", 
        "type": "buy", 
        "amount": "0.00999508"
    }, 
    {
        "date": "1579256211", 
        "tid": "14382536", 
        "price": "121492000", 
        "type": "buy", 
        "amount": "0.04135443"
    }, 
    {
        "date": "1579256208", 
        "tid": "14382535", 
        "price": "121491000", 
        "type": "sell", 
        "amount": "0.07720385"
    }, 
    {
        "date": "1579256206", 
        "tid": "14382534", 
        "price": "121491000", 
        "type": "sell", 
        "amount": "0.00115601"
    }, 
    {
        "date": "1579256203", 
        "tid": "14382533", 
        "price": "121490000", 
        "type": "sell", 
        "amount": "0.00553232"
    }, 
    {
        "date": "1579256200", 
        "tid": "14382532", 
        "price": "121490000", 
        "type": "buy", 
        "amount": "0.08279498"
    }, 
    {
        "date": "1579256200", 
        "tid": "14382531", 
        "price": "121420000", 
        "type": "buy", 
        "amount": "0.00081630"
    }, 
    {
        "date": "1579256164", 
        "tid": "14382530", 
        "price": "121419000", 
        "type": "sell", 
        "amount": "0.00075289"
    }, 
    {
        "date": "1579256135", 
        "tid": "14382529", 
        "price": "121489000", 
        "type": "buy", 
        "amount": "0.01541835"
    }, 
    {
        "date": "1579256135", 
        "tid": "14382528", 
        "price": "121485000", 
        "type": "buy", 
        "amount": "0.00100000"
    }, 
    {
        "date": "1579256135", 
        "tid": "14382527", 
        "price": "121482000", 
        "type": "buy", 
        "amount": "0.00081896"
    }, 
    {
        "date": "1579256135", 
        "tid": "14382526", 
        "price": "121460000", 
        "type": "buy", 
        "amount": "0.00202333"
    }, 
    {
        "date": "1579256135", 
        "tid": "14382525", 
        "price": "121446000", 
        "type": "buy", 
        "amount": "0.01512399"
    }, 
    {
        "date": "1579256135", 
        "tid": "14382524", 
        "price": "121428000", 
        "type": "buy", 
        "amount": "0.01168686"
    }, 
    {
        "date": "1579256135", 
        "tid": "14382523", 
        "price": "121412000", 
        "type": "buy", 
        "amount": "0.01494670"
    }, 
    {
        "date": "1579256135", 
        "tid": "14382522", 
        "price": "121404000", 
        "type": "buy", 
        "amount": "0.00827814"
    }, 
    {
        "date": "1579256135", 
        "tid": "14382521", 
        "price": "121400000", 
        "type": "buy", 
        "amount": "0.00195165"
    }, 
    {
        "date": "1579256135", 
        "tid": "14382520", 
        "price": "121390000", 
        "type": "buy", 
        "amount": "0.00744310"
    }, 
    {
        "date": "1579256135", 
        "tid": "14382519", 
        "price": "121389000", 
        "type": "buy", 
        "amount": "0.00063910"
    }, 
    {
        "date": "1579256135", 
        "tid": "14382518", 
        "price": "121364000", 
        "type": "buy", 
        "amount": "0.08305083"
    }, 
    {
        "date": "1579256135", 
        "tid": "14382517", 
        "price": "121350000", 
        "type": "buy", 
        "amount": "0.36082811"
    }, 
    {
        "date": "1579256135", 
        "tid": "14382516", 
        "price": "121323000", 
        "type": "buy", 
        "amount": "0.11985756"
    }, 
    {
        "date": "1579256135", 
        "tid": "14382515", 
        "price": "121322000", 
        "type": "buy", 
        "amount": "0.10041182"
    }, 
    {
        "date": "1579256135", 
        "tid": "14382514", 
        "price": "121321000", 
        "type": "buy", 
        "amount": "0.00100000"
    }, 
    {
        "date": "1579256135", 
        "tid": "14382513", 
        "price": "121320000", 
        "type": "buy", 
        "amount": "0.07712334"
    }, 
    {
        "date": "1579256116", 
        "tid": "14382512", 
        "price": "121320000", 
        "type": "buy", 
        "amount": "0.01994511"
    }, 
    {
        "date": "1579256070", 
        "tid": "14382511", 
        "price": "121320000", 
        "type": "buy", 
        "amount": "0.00071382"
    }, 
    {
        "date": "1579256060", 
        "tid": "14382510", 
        "price": "121320000", 
        "type": "buy", 
        "amount": "0.00315847"
    }, 
    {
        "date": "1579255988", 
        "tid": "14382509", 
        "price": "121320000", 
        "type": "buy", 
        "amount": "0.00570117"
    }, 
    {
        "date": "1579255816", 
        "tid": "14382508", 
        "price": "121320000", 
        "type": "buy", 
        "amount": "0.00058665"
    }, 
    {
        "date": "1579255781", 
        "tid": "14382507", 
        "price": "121319000", 
        "type": "sell", 
        "amount": "0.00041831"
    }, 
    {
        "date": "1579255773", 
        "tid": "14382506", 
        "price": "121320000", 
        "type": "buy", 
        "amount": "0.00060711"
    }, 
    {
        "date": "1579255760", 
        "tid": "14382505", 
        "price": "121320000", 
        "type": "buy", 
        "amount": "0.00267923"
    }, 
    {
        "date": "1579255724", 
        "tid": "14382504", 
        "price": "121320000", 
        "type": "buy", 
        "amount": "0.00343610"
    }, 
    {
        "date": "1579255710", 
        "tid": "14382503", 
        "price": "121320000", 
        "type": "buy", 
        "amount": "0.00821801"
    }, 
    {
        "date": "1579255665", 
        "tid": "14382502", 
        "price": "121320000", 
        "type": "buy", 
        "amount": "0.00245422"
    }, 
    {
        "date": "1579255655", 
        "tid": "14382501", 
        "price": "121319000", 
        "type": "sell", 
        "amount": "0.04459510"
    }, 
    {
        "date": "1579255640", 
        "tid": "14382500", 
        "price": "121320000", 
        "type": "buy", 
        "amount": "0.00164361"
    }, 
    {
        "date": "1579255606", 
        "tid": "14382499", 
        "price": "121318000", 
        "type": "buy", 
        "amount": "0.00074204"
    }, 
    {
        "date": "1579255601", 
        "tid": "14382498", 
        "price": "121317000", 
        "type": "sell", 
        "amount": "0.02115909"
    }, 
    {
        "date": "1579255595", 
        "tid": "14382497", 
        "price": "121300000", 
        "type": "sell", 
        "amount": "0.01811939"
    }, 
    {
        "date": "1579255595", 
        "tid": "14382496", 
        "price": "121300000", 
        "type": "buy", 
        "amount": "0.31136516"
    }, 
    {
        "date": "1579255587", 
        "tid": "14382495", 
        "price": "121300000", 
        "type": "buy", 
        "amount": "0.81323866"
    }
]