[
    {
        "date": "1579350943", 
        "tid": "14386707", 
        "price": "120402000", 
        "type": "sell", 
        "amount": "0.00184900"
    }, 
    {
        "date": "1579350938", 
        "tid": "14386706", 
        "price": "120599000", 
        "type": "buy", 
        "amount": "0.08985287"
    }, 
    {
        "date": "1579350938", 
        "tid": "14386705", 
        "price": "120591000", 
        "type": "buy", 
        "amount": "0.04146280"
    }, 
    {
        "date": "1579350938", 
        "tid": "14386704", 
        "price": "120590000", 
        "type": "buy", 
        "amount": "0.01858829"
    }, 
    {
        "date": "1579350907", 
        "tid": "14386703", 
        "price": "120590000", 
        "type": "buy", 
        "amount": "0.02480614"
    }, 
    {
        "date": "1579350869", 
        "tid": "14386702", 
        "price": "120590000", 
        "type": "buy", 
        "amount": "0.00052087"
    }, 
    {
        "date": "1579350820", 
        "tid": "14386701", 
        "price": "120595000", 
        "type": "buy", 
        "amount": "0.41164968"
    }, 
    {
        "date": "1579350820", 
        "tid": "14386700", 
        "price": "120591000", 
        "type": "buy", 
        "amount": "0.00172116"
    }, 
    {
        "date": "1579350766", 
        "tid": "14386699", 
        "price": "120401000", 
        "type": "sell", 
        "amount": "0.02821551"
    }, 
    {
        "date": "1579350726", 
        "tid": "14386698", 
        "price": "120401000", 
        "type": "sell", 
        "amount": "0.00153456"
    }, 
    {
        "date": "1579350662", 
        "tid": "14386697", 
        "price": "120600000", 
        "type": "buy", 
        "amount": "0.00576781"
    }, 
    {
        "date": "1579350662", 
        "tid": "14386696", 
        "price": "120450000", 
        "type": "buy", 
        "amount": "0.00085181"
    }, 
    {
        "date": "1579350634", 
        "tid": "14386695", 
        "price": "120401000", 
        "type": "sell", 
        "amount": "0.00102310"
    }, 
    {
        "date": "1579350618", 
        "tid": "14386694", 
        "price": "120600000", 
        "type": "buy", 
        "amount": "0.00061456"
    }, 
    {
        "date": "1579350588", 
        "tid": "14386693", 
        "price": "120401000", 
        "type": "sell", 
        "amount": "0.00384186"
    }, 
    {
        "date": "1579350372", 
        "tid": "14386692", 
        "price": "120600000", 
        "type": "buy", 
        "amount": "0.00042162"
    }, 
    {
        "date": "1579350330", 
        "tid": "14386691", 
        "price": "120392000", 
        "type": "sell", 
        "amount": "0.00055692"
    }, 
    {
        "date": "1579350313", 
        "tid": "14386690", 
        "price": "120634000", 
        "type": "buy", 
        "amount": "0.00042150"
    }, 
    {
        "date": "1579350283", 
        "tid": "14386689", 
        "price": "120646000", 
        "type": "sell", 
        "amount": "0.00730767"
    }, 
    {
        "date": "1579350254", 
        "tid": "14386688", 
        "price": "120650000", 
        "type": "buy", 
        "amount": "0.00041463"
    }, 
    {
        "date": "1579350173", 
        "tid": "14386687", 
        "price": "120701000", 
        "type": "buy", 
        "amount": "1.12725786"
    }, 
    {
        "date": "1579350173", 
        "tid": "14386686", 
        "price": "120670000", 
        "type": "buy", 
        "amount": "0.00067890"
    }, 
    {
        "date": "1579350173", 
        "tid": "14386685", 
        "price": "120661000", 
        "type": "buy", 
        "amount": "0.00392500"
    }, 
    {
        "date": "1579350173", 
        "tid": "14386684", 
        "price": "120632000", 
        "type": "buy", 
        "amount": "0.00044034"
    }, 
    {
        "date": "1579350173", 
        "tid": "14386683", 
        "price": "120625000", 
        "type": "buy", 
        "amount": "0.03846458"
    }, 
    {
        "date": "1579350173", 
        "tid": "14386682", 
        "price": "120619000", 
        "type": "buy", 
        "amount": "0.00256592"
    }, 
    {
        "date": "1579350173", 
        "tid": "14386681", 
        "price": "120617000", 
        "type": "buy", 
        "amount": "0.00112200"
    }, 
    {
        "date": "1579350173", 
        "tid": "14386680", 
        "price": "120600000", 
        "type": "buy", 
        "amount": "0.00908438"
    }, 
    {
        "date": "1579350173", 
        "tid": "14386679", 
        "price": "120594000", 
        "type": "buy", 
        "amount": "0.02512563"
    }, 
    {
        "date": "1579350173", 
        "tid": "14386678", 
        "price": "120565000", 
        "type": "buy", 
        "amount": "0.00074470"
    }, 
    {
        "date": "1579350173", 
        "tid": "14386677", 
        "price": "120560000", 
        "type": "buy", 
        "amount": "0.25006422"
    }, 
    {
        "date": "1579350173", 
        "tid": "14386676", 
        "price": "120533000", 
        "type": "buy", 
        "amount": "0.00474037"
    }, 
    {
        "date": "1579350173", 
        "tid": "14386675", 
        "price": "120501000", 
        "type": "buy", 
        "amount": "0.00074812"
    }, 
    {
        "date": "1579350173", 
        "tid": "14386674", 
        "price": "120500000", 
        "type": "buy", 
        "amount": "0.04203295"
    }, 
    {
        "date": "1579350173", 
        "tid": "14386673", 
        "price": "120495000", 
        "type": "buy", 
        "amount": "0.14571398"
    }, 
    {
        "date": "1579350097", 
        "tid": "14386672", 
        "price": "120469000", 
        "type": "sell", 
        "amount": "0.00768006"
    }, 
    {
        "date": "1579350087", 
        "tid": "14386671", 
        "price": "120469000", 
        "type": "sell", 
        "amount": "0.00554395"
    }, 
    {
        "date": "1579350087", 
        "tid": "14386670", 
        "price": "120470000", 
        "type": "sell", 
        "amount": "0.00172116"
    }, 
    {
        "date": "1579350087", 
        "tid": "14386669", 
        "price": "120494000", 
        "type": "sell", 
        "amount": "0.00041495"
    }, 
    {
        "date": "1579350080", 
        "tid": "14386668", 
        "price": "120495000", 
        "type": "buy", 
        "amount": "0.23439765"
    }, 
    {
        "date": "1579350048", 
        "tid": "14386667", 
        "price": "120349000", 
        "type": "sell", 
        "amount": "0.00226747"
    }, 
    {
        "date": "1579350047", 
        "tid": "14386666", 
        "price": "120495000", 
        "type": "buy", 
        "amount": "0.58304843"
    }, 
    {
        "date": "1579350047", 
        "tid": "14386665", 
        "price": "120491000", 
        "type": "buy", 
        "amount": "0.01000000"
    }, 
    {
        "date": "1579350047", 
        "tid": "14386664", 
        "price": "120400000", 
        "type": "buy", 
        "amount": "0.02570278"
    }, 
    {
        "date": "1579350047", 
        "tid": "14386663", 
        "price": "120350000", 
        "type": "buy", 
        "amount": "0.20894854"
    }, 
    {
        "date": "1579350035", 
        "tid": "14386662", 
        "price": "120349000", 
        "type": "sell", 
        "amount": "0.00092152"
    }, 
    {
        "date": "1579349988", 
        "tid": "14386661", 
        "price": "120350000", 
        "type": "buy", 
        "amount": "0.27342606"
    }, 
    {
        "date": "1579349987", 
        "tid": "14386660", 
        "price": "120349000", 
        "type": "sell", 
        "amount": "0.00737279"
    }, 
    {
        "date": "1579349962", 
        "tid": "14386659", 
        "price": "120349000", 
        "type": "sell", 
        "amount": "0.01504651"
    }, 
    {
        "date": "1579349955", 
        "tid": "14386658", 
        "price": "120349000", 
        "type": "sell", 
        "amount": "0.01504651"
    }, 
    {
        "date": "1579349948", 
        "tid": "14386657", 
        "price": "120349000", 
        "type": "sell", 
        "amount": "0.04371040"
    }, 
    {
        "date": "1579349944", 
        "tid": "14386656", 
        "price": "120349000", 
        "type": "sell", 
        "amount": "0.01504651"
    }, 
    {
        "date": "1579349938", 
        "tid": "14386655", 
        "price": "120349000", 
        "type": "sell", 
        "amount": "0.30522984"
    }, 
    {
        "date": "1579349895", 
        "tid": "14386654", 
        "price": "120349000", 
        "type": "sell", 
        "amount": "0.00376162"
    }, 
    {
        "date": "1579349884", 
        "tid": "14386653", 
        "price": "120349000", 
        "type": "sell", 
        "amount": "0.01579883"
    }, 
    {
        "date": "1579349870", 
        "tid": "14386652", 
        "price": "120349000", 
        "type": "sell", 
        "amount": "0.00158052"
    }, 
    {
        "date": "1579349841", 
        "tid": "14386651", 
        "price": "120300000", 
        "type": "buy", 
        "amount": "0.30522984"
    }, 
    {
        "date": "1579349836", 
        "tid": "14386650", 
        "price": "120300000", 
        "type": "buy", 
        "amount": "0.00246144"
    }, 
    {
        "date": "1579349833", 
        "tid": "14386649", 
        "price": "120299000", 
        "type": "sell", 
        "amount": "0.01505276"
    }, 
    {
        "date": "1579349819", 
        "tid": "14386648", 
        "price": "120300000", 
        "type": "buy", 
        "amount": "0.02418900"
    }, 
    {
        "date": "1579349815", 
        "tid": "14386647", 
        "price": "120299000", 
        "type": "sell", 
        "amount": "0.00293501"
    }, 
    {
        "date": "1579349793", 
        "tid": "14386646", 
        "price": "120299000", 
        "type": "sell", 
        "amount": "0.00491221"
    }, 
    {
        "date": "1579349777", 
        "tid": "14386645", 
        "price": "120299000", 
        "type": "sell", 
        "amount": "0.00223282"
    }, 
    {
        "date": "1579349773", 
        "tid": "14386644", 
        "price": "120300000", 
        "type": "buy", 
        "amount": "0.00287583"
    }, 
    {
        "date": "1579349769", 
        "tid": "14386643", 
        "price": "120299000", 
        "type": "sell", 
        "amount": "0.00163740"
    }, 
    {
        "date": "1579349725", 
        "tid": "14386642", 
        "price": "120299000", 
        "type": "sell", 
        "amount": "0.00090723"
    }, 
    {
        "date": "1579349720", 
        "tid": "14386641", 
        "price": "120300000", 
        "type": "buy", 
        "amount": "0.00136791"
    }, 
    {
        "date": "1579349632", 
        "tid": "14386640", 
        "price": "120299000", 
        "type": "sell", 
        "amount": "0.05814840"
    }, 
    {
        "date": "1579349631", 
        "tid": "14386639", 
        "price": "120299000", 
        "type": "sell", 
        "amount": "0.01540000"
    }, 
    {
        "date": "1579349522", 
        "tid": "14386638", 
        "price": "120299000", 
        "type": "sell", 
        "amount": "0.03599386"
    }, 
    {
        "date": "1579349465", 
        "tid": "14386637", 
        "price": "120299000", 
        "type": "sell", 
        "amount": "0.05000000"
    }, 
    {
        "date": "1579349414", 
        "tid": "14386636", 
        "price": "120299000", 
        "type": "sell", 
        "amount": "0.00850000"
    }, 
    {
        "date": "1579349405", 
        "tid": "14386635", 
        "price": "120300000", 
        "type": "buy", 
        "amount": "0.00377919"
    }, 
    {
        "date": "1579349400", 
        "tid": "14386634", 
        "price": "120299000", 
        "type": "sell", 
        "amount": "0.00346714"
    }, 
    {
        "date": "1579349377", 
        "tid": "14386633", 
        "price": "120300000", 
        "type": "buy", 
        "amount": "0.00079561"
    }, 
    {
        "date": "1579349374", 
        "tid": "14386632", 
        "price": "120300000", 
        "type": "buy", 
        "amount": "0.00801536"
    }, 
    {
        "date": "1579349358", 
        "tid": "14386631", 
        "price": "120300000", 
        "type": "buy", 
        "amount": "0.00804300"
    }, 
    {
        "date": "1579349319", 
        "tid": "14386630", 
        "price": "120300000", 
        "type": "buy", 
        "amount": "0.04134939"
    }, 
    {
        "date": "1579349199", 
        "tid": "14386629", 
        "price": "120300000", 
        "type": "buy", 
        "amount": "0.03604316"
    }, 
    {
        "date": "1579349158", 
        "tid": "14386628", 
        "price": "120300000", 
        "type": "buy", 
        "amount": "0.02589074"
    }, 
    {
        "date": "1579349123", 
        "tid": "14386627", 
        "price": "120300000", 
        "type": "buy", 
        "amount": "0.00248630"
    }, 
    {
        "date": "1579349121", 
        "tid": "14386626", 
        "price": "120299000", 
        "type": "sell", 
        "amount": "0.00045422"
    }, 
    {
        "date": "1579349097", 
        "tid": "14386625", 
        "price": "120299000", 
        "type": "sell", 
        "amount": "0.00058000"
    }, 
    {
        "date": "1579349086", 
        "tid": "14386624", 
        "price": "120299000", 
        "type": "sell", 
        "amount": "0.01320757"
    }, 
    {
        "date": "1579349064", 
        "tid": "14386623", 
        "price": "120299000", 
        "type": "sell", 
        "amount": "0.00245506"
    }, 
    {
        "date": "1579348971", 
        "tid": "14386622", 
        "price": "120300000", 
        "type": "buy", 
        "amount": "0.00288900"
    }, 
    {
        "date": "1579348970", 
        "tid": "14386621", 
        "price": "120300000", 
        "type": "buy", 
        "amount": "0.00223768"
    }, 
    {
        "date": "1579348953", 
        "tid": "14386620", 
        "price": "120300000", 
        "type": "buy", 
        "amount": "0.01085687"
    }, 
    {
        "date": "1579348950", 
        "tid": "14386619", 
        "price": "120300000", 
        "type": "buy", 
        "amount": "0.01085687"
    }, 
    {
        "date": "1579348947", 
        "tid": "14386618", 
        "price": "120300000", 
        "type": "buy", 
        "amount": "0.01995184"
    }, 
    {
        "date": "1579348947", 
        "tid": "14386617", 
        "price": "120297000", 
        "type": "buy", 
        "amount": "0.01071289"
    }, 
    {
        "date": "1579348936", 
        "tid": "14386616", 
        "price": "120260000", 
        "type": "sell", 
        "amount": "0.00814000"
    }, 
    {
        "date": "1579348916", 
        "tid": "14386615", 
        "price": "120255000", 
        "type": "sell", 
        "amount": "0.02281328"
    }, 
    {
        "date": "1579348908", 
        "tid": "14386614", 
        "price": "120255000", 
        "type": "sell", 
        "amount": "0.00087286"
    }, 
    {
        "date": "1579348901", 
        "tid": "14386613", 
        "price": "120255000", 
        "type": "sell", 
        "amount": "0.01581118"
    }, 
    {
        "date": "1579348894", 
        "tid": "14386612", 
        "price": "120297000", 
        "type": "buy", 
        "amount": "0.00042268"
    }, 
    {
        "date": "1579348890", 
        "tid": "14386611", 
        "price": "120297000", 
        "type": "buy", 
        "amount": "0.00099455"
    }, 
    {
        "date": "1579348887", 
        "tid": "14386610", 
        "price": "120297000", 
        "type": "buy", 
        "amount": "0.00497274"
    }, 
    {
        "date": "1579348858", 
        "tid": "14386609", 
        "price": "120250000", 
        "type": "sell", 
        "amount": "0.00742581"
    }, 
    {
        "date": "1579348856", 
        "tid": "14386608", 
        "price": "120250000", 
        "type": "sell", 
        "amount": "0.00079100"
    }, 
    {
        "date": "1579348816", 
        "tid": "14386607", 
        "price": "120250000", 
        "type": "sell", 
        "amount": "0.00348258"
    }, 
    {
        "date": "1579348777", 
        "tid": "14386606", 
        "price": "120209000", 
        "type": "sell", 
        "amount": "0.00048260"
    }, 
    {
        "date": "1579348777", 
        "tid": "14386605", 
        "price": "120210000", 
        "type": "sell", 
        "amount": "0.00063920"
    }, 
    {
        "date": "1579348721", 
        "tid": "14386604", 
        "price": "120295000", 
        "type": "buy", 
        "amount": "0.11026078"
    }, 
    {
        "date": "1579348721", 
        "tid": "14386603", 
        "price": "120283000", 
        "type": "buy", 
        "amount": "0.00100000"
    }, 
    {
        "date": "1579348721", 
        "tid": "14386602", 
        "price": "120269000", 
        "type": "buy", 
        "amount": "0.00630000"
    }, 
    {
        "date": "1579348721", 
        "tid": "14386601", 
        "price": "120239000", 
        "type": "buy", 
        "amount": "0.00114686"
    }, 
    {
        "date": "1579348721", 
        "tid": "14386600", 
        "price": "120211000", 
        "type": "buy", 
        "amount": "0.04708794"
    }, 
    {
        "date": "1579348562", 
        "tid": "14386599", 
        "price": "120209000", 
        "type": "sell", 
        "amount": "0.00891723"
    }, 
    {
        "date": "1579348562", 
        "tid": "14386598", 
        "price": "120210000", 
        "type": "sell", 
        "amount": "0.00173272"
    }, 
    {
        "date": "1579348479", 
        "tid": "14386597", 
        "price": "120211000", 
        "type": "buy", 
        "amount": "0.00097095"
    }, 
    {
        "date": "1579348460", 
        "tid": "14386596", 
        "price": "120210000", 
        "type": "sell", 
        "amount": "0.00043386"
    }, 
    {
        "date": "1579348322", 
        "tid": "14386595", 
        "price": "120210000", 
        "type": "sell", 
        "amount": "0.00327803"
    }, 
    {
        "date": "1579348212", 
        "tid": "14386594", 
        "price": "120297000", 
        "type": "buy", 
        "amount": "0.01308659"
    }, 
    {
        "date": "1579348199", 
        "tid": "14386593", 
        "price": "120297000", 
        "type": "buy", 
        "amount": "0.00153915"
    }, 
    {
        "date": "1579348199", 
        "tid": "14386592", 
        "price": "120210000", 
        "type": "buy", 
        "amount": "0.00092303"
    }, 
    {
        "date": "1579348119", 
        "tid": "14386591", 
        "price": "120209000", 
        "type": "sell", 
        "amount": "0.00799486"
    }, 
    {
        "date": "1579348007", 
        "tid": "14386590", 
        "price": "120297000", 
        "type": "buy", 
        "amount": "0.00042268"
    }, 
    {
        "date": "1579347960", 
        "tid": "14386589", 
        "price": "120297000", 
        "type": "buy", 
        "amount": "0.00840186"
    }, 
    {
        "date": "1579347925", 
        "tid": "14386588", 
        "price": "120297000", 
        "type": "buy", 
        "amount": "0.00827276"
    }, 
    {
        "date": "1579347925", 
        "tid": "14386587", 
        "price": "120290000", 
        "type": "buy", 
        "amount": "0.00830352"
    }, 
    {
        "date": "1579347924", 
        "tid": "14386586", 
        "price": "120207000", 
        "type": "sell", 
        "amount": "0.00433705"
    }, 
    {
        "date": "1579347851", 
        "tid": "14386585", 
        "price": "120207000", 
        "type": "sell", 
        "amount": "0.00334431"
    }, 
    {
        "date": "1579347809", 
        "tid": "14386584", 
        "price": "120207000", 
        "type": "sell", 
        "amount": "0.00120121"
    }, 
    {
        "date": "1579347809", 
        "tid": "14386583", 
        "price": "120208000", 
        "type": "sell", 
        "amount": "0.03260877"
    }, 
    {
        "date": "1579347801", 
        "tid": "14386582", 
        "price": "120208000", 
        "type": "sell", 
        "amount": "0.00112826"
    }, 
    {
        "date": "1579347686", 
        "tid": "14386581", 
        "price": "120208000", 
        "type": "sell", 
        "amount": "0.00100000"
    }, 
    {
        "date": "1579347641", 
        "tid": "14386580", 
        "price": "120208000", 
        "type": "sell", 
        "amount": "0.02582123"
    }, 
    {
        "date": "1579347522", 
        "tid": "14386579", 
        "price": "120300000", 
        "type": "buy", 
        "amount": "0.01536063"
    }, 
    {
        "date": "1579347522", 
        "tid": "14386578", 
        "price": "120291000", 
        "type": "buy", 
        "amount": "0.00932421"
    }, 
    {
        "date": "1579347522", 
        "tid": "14386577", 
        "price": "120204000", 
        "type": "buy", 
        "amount": "0.01676771"
    }, 
    {
        "date": "1579347468", 
        "tid": "14386576", 
        "price": "120204000", 
        "type": "buy", 
        "amount": "0.00689596"
    }, 
    {
        "date": "1579347465", 
        "tid": "14386575", 
        "price": "120204000", 
        "type": "buy", 
        "amount": "0.01718408"
    }, 
    {
        "date": "1579347428", 
        "tid": "14386574", 
        "price": "120291000", 
        "type": "buy", 
        "amount": "0.00294976"
    }, 
    {
        "date": "1579347428", 
        "tid": "14386573", 
        "price": "120289000", 
        "type": "buy", 
        "amount": "0.00410438"
    }, 
    {
        "date": "1579347428", 
        "tid": "14386572", 
        "price": "120205000", 
        "type": "buy", 
        "amount": "0.00052452"
    }, 
    {
        "date": "1579347417", 
        "tid": "14386571", 
        "price": "120203000", 
        "type": "buy", 
        "amount": "0.02321572"
    }, 
    {
        "date": "1579347407", 
        "tid": "14386570", 
        "price": "120203000", 
        "type": "buy", 
        "amount": "0.01077633"
    }, 
    {
        "date": "1579347387", 
        "tid": "14386569", 
        "price": "120203000", 
        "type": "buy", 
        "amount": "0.01288815"
    }, 
    {
        "date": "1579347325", 
        "tid": "14386568", 
        "price": "120202000", 
        "type": "sell", 
        "amount": "0.00056116"
    }, 
    {
        "date": "1579347100", 
        "tid": "14386567", 
        "price": "120203000", 
        "type": "buy", 
        "amount": "0.00049766"
    }, 
    {
        "date": "1579346918", 
        "tid": "14386566", 
        "price": "120202000", 
        "type": "sell", 
        "amount": "0.01681253"
    }, 
    {
        "date": "1579346918", 
        "tid": "14386565", 
        "price": "120206000", 
        "type": "sell", 
        "amount": "0.00830352"
    }, 
    {
        "date": "1579346918", 
        "tid": "14386564", 
        "price": "120250000", 
        "type": "sell", 
        "amount": "0.00050471"
    }, 
    {
        "date": "1579346860", 
        "tid": "14386563", 
        "price": "120290000", 
        "type": "sell", 
        "amount": "0.00007933"
    }, 
    {
        "date": "1579346803", 
        "tid": "14386562", 
        "price": "120291000", 
        "type": "buy", 
        "amount": "0.00899281"
    }, 
    {
        "date": "1579346767", 
        "tid": "14386561", 
        "price": "120290000", 
        "type": "sell", 
        "amount": "0.00200000"
    }, 
    {
        "date": "1579346750", 
        "tid": "14386560", 
        "price": "120291000", 
        "type": "buy", 
        "amount": "0.00049242"
    }, 
    {
        "date": "1579346641", 
        "tid": "14386559", 
        "price": "120300000", 
        "type": "sell", 
        "amount": "0.14596273"
    }, 
    {
        "date": "1579346627", 
        "tid": "14386558", 
        "price": "120301000", 
        "type": "buy", 
        "amount": "0.00736331"
    }
]