[
    {
        "date": "1579321245", 
        "tid": "14385483", 
        "price": "120684000", 
        "type": "buy", 
        "amount": "0.00042133"
    }, 
    {
        "date": "1579321241", 
        "tid": "14385482", 
        "price": "120684000", 
        "type": "buy", 
        "amount": "0.00708595"
    }, 
    {
        "date": "1579321241", 
        "tid": "14385481", 
        "price": "120683000", 
        "type": "buy", 
        "amount": "0.00117539"
    }, 
    {
        "date": "1579321236", 
        "tid": "14385480", 
        "price": "120683000", 
        "type": "buy", 
        "amount": "0.00042133"
    }, 
    {
        "date": "1579321228", 
        "tid": "14385479", 
        "price": "120683000", 
        "type": "buy", 
        "amount": "0.00042133"
    }, 
    {
        "date": "1579321226", 
        "tid": "14385478", 
        "price": "120683000", 
        "type": "buy", 
        "amount": "0.00170012"
    }, 
    {
        "date": "1579321226", 
        "tid": "14385477", 
        "price": "120653000", 
        "type": "buy", 
        "amount": "0.00053059"
    }, 
    {
        "date": "1579321221", 
        "tid": "14385476", 
        "price": "120653000", 
        "type": "buy", 
        "amount": "0.00119410"
    }, 
    {
        "date": "1579321221", 
        "tid": "14385475", 
        "price": "120622000", 
        "type": "buy", 
        "amount": "0.00244245"
    }, 
    {
        "date": "1579321132", 
        "tid": "14385474", 
        "price": "120590000", 
        "type": "buy", 
        "amount": "0.04295492"
    }, 
    {
        "date": "1579321132", 
        "tid": "14385473", 
        "price": "120576000", 
        "type": "buy", 
        "amount": "0.00043383"
    }, 
    {
        "date": "1579321025", 
        "tid": "14385472", 
        "price": "120590000", 
        "type": "sell", 
        "amount": "0.04146280"
    }, 
    {
        "date": "1579321025", 
        "tid": "14385471", 
        "price": "120591000", 
        "type": "sell", 
        "amount": "0.00146478"
    }, 
    {
        "date": "1579320949", 
        "tid": "14385470", 
        "price": "120591000", 
        "type": "sell", 
        "amount": "0.00097768"
    }, 
    {
        "date": "1579320880", 
        "tid": "14385469", 
        "price": "120575000", 
        "type": "sell", 
        "amount": "0.00564725"
    }, 
    {
        "date": "1579320880", 
        "tid": "14385468", 
        "price": "120642000", 
        "type": "sell", 
        "amount": "0.00042273"
    }, 
    {
        "date": "1579320864", 
        "tid": "14385467", 
        "price": "120653000", 
        "type": "buy", 
        "amount": "0.00071776"
    }, 
    {
        "date": "1579320864", 
        "tid": "14385466", 
        "price": "120622000", 
        "type": "buy", 
        "amount": "0.00244245"
    }, 
    {
        "date": "1579320864", 
        "tid": "14385465", 
        "price": "120600000", 
        "type": "buy", 
        "amount": "0.00208026"
    }, 
    {
        "date": "1579320859", 
        "tid": "14385464", 
        "price": "120575000", 
        "type": "sell", 
        "amount": "0.02717096"
    }, 
    {
        "date": "1579320859", 
        "tid": "14385463", 
        "price": "120591000", 
        "type": "sell", 
        "amount": "0.00187078"
    }, 
    {
        "date": "1579320858", 
        "tid": "14385462", 
        "price": "120592000", 
        "type": "buy", 
        "amount": "0.00165352"
    }, 
    {
        "date": "1579320845", 
        "tid": "14385461", 
        "price": "120591000", 
        "type": "sell", 
        "amount": "0.00057168"
    }, 
    {
        "date": "1579320827", 
        "tid": "14385460", 
        "price": "120617000", 
        "type": "sell", 
        "amount": "0.00112200"
    }, 
    {
        "date": "1579320811", 
        "tid": "14385459", 
        "price": "120619000", 
        "type": "sell", 
        "amount": "0.00256591"
    }, 
    {
        "date": "1579320811", 
        "tid": "14385458", 
        "price": "120622000", 
        "type": "sell", 
        "amount": "0.00244245"
    }, 
    {
        "date": "1579320788", 
        "tid": "14385457", 
        "price": "120653000", 
        "type": "sell", 
        "amount": "0.00141514"
    }, 
    {
        "date": "1579320758", 
        "tid": "14385456", 
        "price": "120653000", 
        "type": "sell", 
        "amount": "0.00591571"
    }, 
    {
        "date": "1579320758", 
        "tid": "14385455", 
        "price": "120656000", 
        "type": "sell", 
        "amount": "0.00414401"
    }, 
    {
        "date": "1579320736", 
        "tid": "14385454", 
        "price": "120683000", 
        "type": "sell", 
        "amount": "0.00002882"
    }, 
    {
        "date": "1579320720", 
        "tid": "14385453", 
        "price": "120684000", 
        "type": "buy", 
        "amount": "0.00042133"
    }, 
    {
        "date": "1579320650", 
        "tid": "14385452", 
        "price": "120714000", 
        "type": "sell", 
        "amount": "0.00244245"
    }, 
    {
        "date": "1579320650", 
        "tid": "14385451", 
        "price": "120744000", 
        "type": "sell", 
        "amount": "0.00010351"
    }, 
    {
        "date": "1579320591", 
        "tid": "14385450", 
        "price": "120744000", 
        "type": "sell", 
        "amount": "0.00233895"
    }, 
    {
        "date": "1579320549", 
        "tid": "14385449", 
        "price": "120805000", 
        "type": "buy", 
        "amount": "0.86667958"
    }, 
    {
        "date": "1579320549", 
        "tid": "14385448", 
        "price": "120778000", 
        "type": "buy", 
        "amount": "0.57773224"
    }, 
    {
        "date": "1579320517", 
        "tid": "14385447", 
        "price": "120776000", 
        "type": "buy", 
        "amount": "0.08350838"
    }, 
    {
        "date": "1579320517", 
        "tid": "14385446", 
        "price": "120769000", 
        "type": "buy", 
        "amount": "1.36120000"
    }, 
    {
        "date": "1579320509", 
        "tid": "14385445", 
        "price": "120775000", 
        "type": "sell", 
        "amount": "0.00227043"
    }, 
    {
        "date": "1579320508", 
        "tid": "14385444", 
        "price": "120775000", 
        "type": "sell", 
        "amount": "0.00100000"
    }, 
    {
        "date": "1579320483", 
        "tid": "14385443", 
        "price": "120776000", 
        "type": "sell", 
        "amount": "0.01453585"
    }, 
    {
        "date": "1579320430", 
        "tid": "14385442", 
        "price": "120777000", 
        "type": "sell", 
        "amount": "0.00100000"
    }, 
    {
        "date": "1579320429", 
        "tid": "14385441", 
        "price": "120778000", 
        "type": "buy", 
        "amount": "0.02226776"
    }, 
    {
        "date": "1579320398", 
        "tid": "14385440", 
        "price": "120806000", 
        "type": "sell", 
        "amount": "0.10591902"
    }, 
    {
        "date": "1579320396", 
        "tid": "14385439", 
        "price": "120807000", 
        "type": "sell", 
        "amount": "0.00100000"
    }, 
    {
        "date": "1579320364", 
        "tid": "14385438", 
        "price": "120836000", 
        "type": "sell", 
        "amount": "0.00670357"
    }, 
    {
        "date": "1579320291", 
        "tid": "14385437", 
        "price": "120836000", 
        "type": "sell", 
        "amount": "0.00104835"
    }, 
    {
        "date": "1579320277", 
        "tid": "14385436", 
        "price": "120836000", 
        "type": "sell", 
        "amount": "0.00269654"
    }, 
    {
        "date": "1579320255", 
        "tid": "14385435", 
        "price": "120836000", 
        "type": "sell", 
        "amount": "0.00099990"
    }, 
    {
        "date": "1579320189", 
        "tid": "14385434", 
        "price": "120836000", 
        "type": "sell", 
        "amount": "0.01709223"
    }, 
    {
        "date": "1579320189", 
        "tid": "14385433", 
        "price": "120867000", 
        "type": "sell", 
        "amount": "0.00244245"
    }, 
    {
        "date": "1579320186", 
        "tid": "14385432", 
        "price": "120886000", 
        "type": "buy", 
        "amount": "0.00332221"
    }, 
    {
        "date": "1579320170", 
        "tid": "14385431", 
        "price": "120888000", 
        "type": "sell", 
        "amount": "0.00330884"
    }, 
    {
        "date": "1579320162", 
        "tid": "14385430", 
        "price": "120893000", 
        "type": "sell", 
        "amount": "0.34996335"
    }, 
    {
        "date": "1579320159", 
        "tid": "14385429", 
        "price": "120893000", 
        "type": "sell", 
        "amount": "0.08368480"
    }, 
    {
        "date": "1579320154", 
        "tid": "14385428", 
        "price": "120893000", 
        "type": "sell", 
        "amount": "0.29000000"
    }, 
    {
        "date": "1579320154", 
        "tid": "14385427", 
        "price": "120897000", 
        "type": "sell", 
        "amount": "0.00343372"
    }, 
    {
        "date": "1579320143", 
        "tid": "14385426", 
        "price": "120900000", 
        "type": "sell", 
        "amount": "0.12835588"
    }, 
    {
        "date": "1579320135", 
        "tid": "14385425", 
        "price": "120900000", 
        "type": "sell", 
        "amount": "0.00600000"
    }, 
    {
        "date": "1579320128", 
        "tid": "14385424", 
        "price": "120901000", 
        "type": "buy", 
        "amount": "0.01325242"
    }, 
    {
        "date": "1579320111", 
        "tid": "14385423", 
        "price": "120900000", 
        "type": "sell", 
        "amount": "0.11127036"
    }, 
    {
        "date": "1579320109", 
        "tid": "14385422", 
        "price": "120900000", 
        "type": "sell", 
        "amount": "0.00045625"
    }, 
    {
        "date": "1579320101", 
        "tid": "14385421", 
        "price": "120900000", 
        "type": "sell", 
        "amount": "0.01029272"
    }, 
    {
        "date": "1579320054", 
        "tid": "14385420", 
        "price": "120900000", 
        "type": "sell", 
        "amount": "0.01962634"
    }, 
    {
        "date": "1579319920", 
        "tid": "14385419", 
        "price": "120900000", 
        "type": "sell", 
        "amount": "0.01984211"
    }, 
    {
        "date": "1579319877", 
        "tid": "14385418", 
        "price": "120901000", 
        "type": "buy", 
        "amount": "0.00412324"
    }, 
    {
        "date": "1579319859", 
        "tid": "14385417", 
        "price": "120900000", 
        "type": "sell", 
        "amount": "0.00138434"
    }, 
    {
        "date": "1579319852", 
        "tid": "14385416", 
        "price": "120900000", 
        "type": "sell", 
        "amount": "0.02485730"
    }, 
    {
        "date": "1579319848", 
        "tid": "14385415", 
        "price": "120900000", 
        "type": "sell", 
        "amount": "0.01893692"
    }, 
    {
        "date": "1579319730", 
        "tid": "14385414", 
        "price": "120900000", 
        "type": "sell", 
        "amount": "0.00031685"
    }, 
    {
        "date": "1579319719", 
        "tid": "14385413", 
        "price": "120900000", 
        "type": "sell", 
        "amount": "0.00044674"
    }, 
    {
        "date": "1579319701", 
        "tid": "14385412", 
        "price": "120900000", 
        "type": "sell", 
        "amount": "0.00088720"
    }, 
    {
        "date": "1579319670", 
        "tid": "14385411", 
        "price": "120900000", 
        "type": "sell", 
        "amount": "0.00486025"
    }, 
    {
        "date": "1579319636", 
        "tid": "14385410", 
        "price": "120900000", 
        "type": "sell", 
        "amount": "0.03930000"
    }, 
    {
        "date": "1579319541", 
        "tid": "14385409", 
        "price": "120900000", 
        "type": "sell", 
        "amount": "0.00056847"
    }, 
    {
        "date": "1579319478", 
        "tid": "14385408", 
        "price": "120901000", 
        "type": "buy", 
        "amount": "0.00998330"
    }, 
    {
        "date": "1579319455", 
        "tid": "14385407", 
        "price": "120901000", 
        "type": "buy", 
        "amount": "0.01608066"
    }, 
    {
        "date": "1579319440", 
        "tid": "14385406", 
        "price": "120900000", 
        "type": "sell", 
        "amount": "0.00061433"
    }, 
    {
        "date": "1579319365", 
        "tid": "14385405", 
        "price": "120901000", 
        "type": "buy", 
        "amount": "0.00824649"
    }, 
    {
        "date": "1579319356", 
        "tid": "14385404", 
        "price": "120901000", 
        "type": "buy", 
        "amount": "0.02794139"
    }, 
    {
        "date": "1579319200", 
        "tid": "14385403", 
        "price": "120900000", 
        "type": "sell", 
        "amount": "0.05671625"
    }, 
    {
        "date": "1579319158", 
        "tid": "14385402", 
        "price": "120900000", 
        "type": "sell", 
        "amount": "0.00527865"
    }, 
    {
        "date": "1579319041", 
        "tid": "14385401", 
        "price": "120901000", 
        "type": "buy", 
        "amount": "0.03165003"
    }, 
    {
        "date": "1579319024", 
        "tid": "14385400", 
        "price": "120901000", 
        "type": "buy", 
        "amount": "0.06362059"
    }, 
    {
        "date": "1579318918", 
        "tid": "14385399", 
        "price": "120900000", 
        "type": "sell", 
        "amount": "0.01158280"
    }, 
    {
        "date": "1579318863", 
        "tid": "14385398", 
        "price": "120900000", 
        "type": "sell", 
        "amount": "0.00631537"
    }, 
    {
        "date": "1579318863", 
        "tid": "14385397", 
        "price": "120901000", 
        "type": "sell", 
        "amount": "0.00827123"
    }, 
    {
        "date": "1579318863", 
        "tid": "14385396", 
        "price": "120950000", 
        "type": "sell", 
        "amount": "0.00768459"
    }, 
    {
        "date": "1579318797", 
        "tid": "14385395", 
        "price": "120959000", 
        "type": "buy", 
        "amount": "0.00179529"
    }, 
    {
        "date": "1579318797", 
        "tid": "14385394", 
        "price": "120928000", 
        "type": "buy", 
        "amount": "0.00244245"
    }, 
    {
        "date": "1579318786", 
        "tid": "14385393", 
        "price": "120900000", 
        "type": "buy", 
        "amount": "0.62259929"
    }, 
    {
        "date": "1579318786", 
        "tid": "14385392", 
        "price": "120898000", 
        "type": "buy", 
        "amount": "0.93872737"
    }, 
    {
        "date": "1579318786", 
        "tid": "14385391", 
        "price": "120897000", 
        "type": "buy", 
        "amount": "0.13469082"
    }, 
    {
        "date": "1579318786", 
        "tid": "14385390", 
        "price": "120896000", 
        "type": "buy", 
        "amount": "0.00608531"
    }, 
    {
        "date": "1579318786", 
        "tid": "14385389", 
        "price": "120895000", 
        "type": "buy", 
        "amount": "0.00086864"
    }, 
    {
        "date": "1579318786", 
        "tid": "14385388", 
        "price": "120894000", 
        "type": "buy", 
        "amount": "0.05362952"
    }, 
    {
        "date": "1579318783", 
        "tid": "14385387", 
        "price": "120893000", 
        "type": "sell", 
        "amount": "1.50000000"
    }, 
    {
        "date": "1579318721", 
        "tid": "14385386", 
        "price": "120893000", 
        "type": "sell", 
        "amount": "0.00211079"
    }, 
    {
        "date": "1579318530", 
        "tid": "14385385", 
        "price": "120894000", 
        "type": "buy", 
        "amount": "0.10677414"
    }, 
    {
        "date": "1579318530", 
        "tid": "14385384", 
        "price": "120893000", 
        "type": "buy", 
        "amount": "0.00086865"
    }, 
    {
        "date": "1579318530", 
        "tid": "14385383", 
        "price": "120891000", 
        "type": "buy", 
        "amount": "0.04135991"
    }, 
    {
        "date": "1579318530", 
        "tid": "14385382", 
        "price": "120890000", 
        "type": "buy", 
        "amount": "0.04562561"
    }, 
    {
        "date": "1579318514", 
        "tid": "14385381", 
        "price": "120889000", 
        "type": "sell", 
        "amount": "0.00099427"
    }, 
    {
        "date": "1579318460", 
        "tid": "14385380", 
        "price": "120890000", 
        "type": "buy", 
        "amount": "0.02235002"
    }, 
    {
        "date": "1579318421", 
        "tid": "14385379", 
        "price": "120889000", 
        "type": "sell", 
        "amount": "0.00140198"
    }, 
    {
        "date": "1579318411", 
        "tid": "14385378", 
        "price": "120890000", 
        "type": "buy", 
        "amount": "0.00231675"
    }, 
    {
        "date": "1579318387", 
        "tid": "14385377", 
        "price": "120890000", 
        "type": "buy", 
        "amount": "0.01588717"
    }, 
    {
        "date": "1579318387", 
        "tid": "14385376", 
        "price": "120889000", 
        "type": "buy", 
        "amount": "0.05432206"
    }, 
    {
        "date": "1579318354", 
        "tid": "14385375", 
        "price": "120836000", 
        "type": "sell", 
        "amount": "0.00239111"
    }, 
    {
        "date": "1579318336", 
        "tid": "14385374", 
        "price": "120836000", 
        "type": "sell", 
        "amount": "0.00100000"
    }, 
    {
        "date": "1579318297", 
        "tid": "14385373", 
        "price": "120889000", 
        "type": "buy", 
        "amount": "0.00041237"
    }, 
    {
        "date": "1579318249", 
        "tid": "14385372", 
        "price": "120893000", 
        "type": "buy", 
        "amount": "0.13129071"
    }, 
    {
        "date": "1579318249", 
        "tid": "14385371", 
        "price": "120867000", 
        "type": "buy", 
        "amount": "0.04650214"
    }, 
    {
        "date": "1579318249", 
        "tid": "14385370", 
        "price": "120866000", 
        "type": "buy", 
        "amount": "0.00100000"
    }, 
    {
        "date": "1579318249", 
        "tid": "14385369", 
        "price": "120860000", 
        "type": "buy", 
        "amount": "0.00471142"
    }, 
    {
        "date": "1579318249", 
        "tid": "14385368", 
        "price": "120855000", 
        "type": "buy", 
        "amount": "0.00225211"
    }, 
    {
        "date": "1579318249", 
        "tid": "14385367", 
        "price": "120843000", 
        "type": "buy", 
        "amount": "0.00112200"
    }, 
    {
        "date": "1579318249", 
        "tid": "14385366", 
        "price": "120841000", 
        "type": "buy", 
        "amount": "0.00100000"
    }, 
    {
        "date": "1579318249", 
        "tid": "14385365", 
        "price": "120840000", 
        "type": "buy", 
        "amount": "0.00924302"
    }, 
    {
        "date": "1579318208", 
        "tid": "14385364", 
        "price": "120840000", 
        "type": "buy", 
        "amount": "0.00075698"
    }, 
    {
        "date": "1579318169", 
        "tid": "14385363", 
        "price": "120838000", 
        "type": "sell", 
        "amount": "0.00301957"
    }, 
    {
        "date": "1579318011", 
        "tid": "14385362", 
        "price": "120836000", 
        "type": "buy", 
        "amount": "0.05723370"
    }, 
    {
        "date": "1579317944", 
        "tid": "14385361", 
        "price": "120836000", 
        "type": "buy", 
        "amount": "0.03520486"
    }, 
    {
        "date": "1579317944", 
        "tid": "14385360", 
        "price": "120825000", 
        "type": "buy", 
        "amount": "0.03613234"
    }, 
    {
        "date": "1579317944", 
        "tid": "14385359", 
        "price": "120806000", 
        "type": "buy", 
        "amount": "0.00197392"
    }, 
    {
        "date": "1579317863", 
        "tid": "14385358", 
        "price": "120760000", 
        "type": "sell", 
        "amount": "0.01457876"
    }, 
    {
        "date": "1579317854", 
        "tid": "14385357", 
        "price": "120749000", 
        "type": "sell", 
        "amount": "0.00077207"
    }, 
    {
        "date": "1579317850", 
        "tid": "14385356", 
        "price": "120749000", 
        "type": "sell", 
        "amount": "0.00055059"
    }, 
    {
        "date": "1579317846", 
        "tid": "14385355", 
        "price": "120806000", 
        "type": "buy", 
        "amount": "0.00046853"
    }, 
    {
        "date": "1579317846", 
        "tid": "14385354", 
        "price": "120801000", 
        "type": "buy", 
        "amount": "0.00074470"
    }, 
    {
        "date": "1579317834", 
        "tid": "14385353", 
        "price": "120800000", 
        "type": "buy", 
        "amount": "0.00389300"
    }, 
    {
        "date": "1579317834", 
        "tid": "14385352", 
        "price": "120775000", 
        "type": "buy", 
        "amount": "0.00244245"
    }, 
    {
        "date": "1579317834", 
        "tid": "14385351", 
        "price": "120750000", 
        "type": "buy", 
        "amount": "0.00050472"
    }, 
    {
        "date": "1579317834", 
        "tid": "14385350", 
        "price": "120749000", 
        "type": "buy", 
        "amount": "0.03331767"
    }, 
    {
        "date": "1579317828", 
        "tid": "14385349", 
        "price": "120747000", 
        "type": "sell", 
        "amount": "0.00066208"
    }, 
    {
        "date": "1579317815", 
        "tid": "14385348", 
        "price": "120749000", 
        "type": "buy", 
        "amount": "0.00809088"
    }, 
    {
        "date": "1579317815", 
        "tid": "14385347", 
        "price": "120748000", 
        "type": "buy", 
        "amount": "0.02202906"
    }, 
    {
        "date": "1579317796", 
        "tid": "14385346", 
        "price": "120747000", 
        "type": "sell", 
        "amount": "0.01900000"
    }, 
    {
        "date": "1579317790", 
        "tid": "14385345", 
        "price": "120747000", 
        "type": "sell", 
        "amount": "0.00062637"
    }, 
    {
        "date": "1579317766", 
        "tid": "14385344", 
        "price": "120747000", 
        "type": "sell", 
        "amount": "0.01458033"
    }, 
    {
        "date": "1579317750", 
        "tid": "14385343", 
        "price": "120747000", 
        "type": "sell", 
        "amount": "0.00874820"
    }, 
    {
        "date": "1579317727", 
        "tid": "14385342", 
        "price": "120747000", 
        "type": "sell", 
        "amount": "0.00347861"
    }, 
    {
        "date": "1579317723", 
        "tid": "14385341", 
        "price": "120747000", 
        "type": "sell", 
        "amount": "0.01458033"
    }, 
    {
        "date": "1579317719", 
        "tid": "14385340", 
        "price": "120748000", 
        "type": "buy", 
        "amount": "0.04016000"
    }, 
    {
        "date": "1579317718", 
        "tid": "14385339", 
        "price": "120748000", 
        "type": "buy", 
        "amount": "0.00088384"
    }, 
    {
        "date": "1579317698", 
        "tid": "14385338", 
        "price": "120748000", 
        "type": "buy", 
        "amount": "0.06656384"
    }, 
    {
        "date": "1579317698", 
        "tid": "14385337", 
        "price": "120744000", 
        "type": "buy", 
        "amount": "0.00244245"
    }, 
    {
        "date": "1579317698", 
        "tid": "14385336", 
        "price": "120715000", 
        "type": "buy", 
        "amount": "0.00125501"
    }, 
    {
        "date": "1579317694", 
        "tid": "14385335", 
        "price": "120714000", 
        "type": "sell", 
        "amount": "0.01166745"
    }, 
    {
        "date": "1579317673", 
        "tid": "14385334", 
        "price": "120714000", 
        "type": "sell", 
        "amount": "0.00067247"
    }
]