[
    {
        "date": "1579317556", 
        "tid": "14385327", 
        "price": "120683000", 
        "type": "sell", 
        "amount": "0.00241363"
    }, 
    {
        "date": "1579317555", 
        "tid": "14385326", 
        "price": "120730000", 
        "type": "buy", 
        "amount": "0.00406714"
    }, 
    {
        "date": "1579317534", 
        "tid": "14385325", 
        "price": "120730000", 
        "type": "buy", 
        "amount": "0.01582352"
    }, 
    {
        "date": "1579317534", 
        "tid": "14385324", 
        "price": "120714000", 
        "type": "buy", 
        "amount": "0.00244245"
    }, 
    {
        "date": "1579317534", 
        "tid": "14385323", 
        "price": "120683000", 
        "type": "buy", 
        "amount": "0.00244245"
    }, 
    {
        "date": "1579317528", 
        "tid": "14385322", 
        "price": "120656000", 
        "type": "sell", 
        "amount": "0.00266366"
    }, 
    {
        "date": "1579317458", 
        "tid": "14385321", 
        "price": "120656000", 
        "type": "sell", 
        "amount": "0.00571004"
    }, 
    {
        "date": "1579317434", 
        "tid": "14385320", 
        "price": "120653000", 
        "type": "buy", 
        "amount": "0.00244245"
    }, 
    {
        "date": "1579317400", 
        "tid": "14385319", 
        "price": "120622000", 
        "type": "buy", 
        "amount": "0.00122741"
    }, 
    {
        "date": "1579317287", 
        "tid": "14385318", 
        "price": "120572000", 
        "type": "sell", 
        "amount": "0.01451817"
    }, 
    {
        "date": "1579317278", 
        "tid": "14385317", 
        "price": "120572000", 
        "type": "sell", 
        "amount": "0.01451817"
    }, 
    {
        "date": "1579317270", 
        "tid": "14385316", 
        "price": "120622000", 
        "type": "buy", 
        "amount": "0.00121504"
    }, 
    {
        "date": "1579317262", 
        "tid": "14385315", 
        "price": "120567000", 
        "type": "sell", 
        "amount": "0.01161454"
    }, 
    {
        "date": "1579317255", 
        "tid": "14385314", 
        "price": "120570000", 
        "type": "sell", 
        "amount": "0.03067386"
    }, 
    {
        "date": "1579317255", 
        "tid": "14385313", 
        "price": "120571000", 
        "type": "sell", 
        "amount": "0.19702514"
    }, 
    {
        "date": "1579317224", 
        "tid": "14385312", 
        "price": "120565000", 
        "type": "sell", 
        "amount": "0.00763055"
    }, 
    {
        "date": "1579317203", 
        "tid": "14385311", 
        "price": "120565000", 
        "type": "sell", 
        "amount": "0.00462791"
    }, 
    {
        "date": "1579317203", 
        "tid": "14385310", 
        "price": "120591000", 
        "type": "sell", 
        "amount": "0.00244246"
    }, 
    {
        "date": "1579317203", 
        "tid": "14385309", 
        "price": "120622000", 
        "type": "sell", 
        "amount": "0.00244245"
    }, 
    {
        "date": "1579317203", 
        "tid": "14385308", 
        "price": "120653000", 
        "type": "sell", 
        "amount": "0.00011955"
    }, 
    {
        "date": "1579317203", 
        "tid": "14385307", 
        "price": "120683000", 
        "type": "sell", 
        "amount": "0.00053012"
    }, 
    {
        "date": "1579317175", 
        "tid": "14385306", 
        "price": "120683000", 
        "type": "sell", 
        "amount": "0.00191234"
    }, 
    {
        "date": "1579317175", 
        "tid": "14385305", 
        "price": "120714000", 
        "type": "sell", 
        "amount": "0.00244245"
    }, 
    {
        "date": "1579317157", 
        "tid": "14385304", 
        "price": "120748000", 
        "type": "buy", 
        "amount": "0.00046731"
    }, 
    {
        "date": "1579317098", 
        "tid": "14385303", 
        "price": "120748000", 
        "type": "buy", 
        "amount": "0.02584814"
    }, 
    {
        "date": "1579317098", 
        "tid": "14385302", 
        "price": "120744000", 
        "type": "buy", 
        "amount": "0.00874245"
    }, 
    {
        "date": "1579317098", 
        "tid": "14385301", 
        "price": "120714000", 
        "type": "buy", 
        "amount": "0.00244245"
    }, 
    {
        "date": "1579317098", 
        "tid": "14385300", 
        "price": "120705000", 
        "type": "buy", 
        "amount": "0.04142364"
    }, 
    {
        "date": "1579316996", 
        "tid": "14385299", 
        "price": "120704000", 
        "type": "buy", 
        "amount": "0.00042432"
    }, 
    {
        "date": "1579316942", 
        "tid": "14385298", 
        "price": "120653000", 
        "type": "sell", 
        "amount": "0.00232290"
    }, 
    {
        "date": "1579316941", 
        "tid": "14385297", 
        "price": "120700000", 
        "type": "buy", 
        "amount": "0.11312294"
    }, 
    {
        "date": "1579316941", 
        "tid": "14385296", 
        "price": "120699000", 
        "type": "buy", 
        "amount": "0.01078051"
    }, 
    {
        "date": "1579316830", 
        "tid": "14385295", 
        "price": "120726000", 
        "type": "buy", 
        "amount": "0.02424183"
    }, 
    {
        "date": "1579316830", 
        "tid": "14385294", 
        "price": "120683000", 
        "type": "buy", 
        "amount": "0.00244245"
    }, 
    {
        "date": "1579316830", 
        "tid": "14385293", 
        "price": "120653000", 
        "type": "buy", 
        "amount": "0.00244245"
    }, 
    {
        "date": "1579316830", 
        "tid": "14385292", 
        "price": "120622000", 
        "type": "buy", 
        "amount": "0.00244245"
    }, 
    {
        "date": "1579316830", 
        "tid": "14385291", 
        "price": "120591000", 
        "type": "buy", 
        "amount": "0.00244245"
    }, 
    {
        "date": "1579316830", 
        "tid": "14385290", 
        "price": "120561000", 
        "type": "buy", 
        "amount": "0.00244245"
    }, 
    {
        "date": "1579316830", 
        "tid": "14385289", 
        "price": "120530000", 
        "type": "buy", 
        "amount": "0.00244245"
    }, 
    {
        "date": "1579316807", 
        "tid": "14385288", 
        "price": "120494000", 
        "type": "sell", 
        "amount": "0.01444828"
    }, 
    {
        "date": "1579316794", 
        "tid": "14385287", 
        "price": "120494000", 
        "type": "sell", 
        "amount": "0.01444828"
    }, 
    {
        "date": "1579316791", 
        "tid": "14385286", 
        "price": "120494000", 
        "type": "sell", 
        "amount": "0.00319737"
    }, 
    {
        "date": "1579316786", 
        "tid": "14385285", 
        "price": "120494000", 
        "type": "sell", 
        "amount": "0.00712093"
    }, 
    {
        "date": "1579316786", 
        "tid": "14385284", 
        "price": "120653000", 
        "type": "sell", 
        "amount": "0.00244245"
    }, 
    {
        "date": "1579316786", 
        "tid": "14385283", 
        "price": "120683000", 
        "type": "sell", 
        "amount": "0.00244245"
    }, 
    {
        "date": "1579316786", 
        "tid": "14385282", 
        "price": "120714000", 
        "type": "sell", 
        "amount": "0.00244245"
    }, 
    {
        "date": "1579316781", 
        "tid": "14385281", 
        "price": "120742000", 
        "type": "buy", 
        "amount": "0.00243582"
    }, 
    {
        "date": "1579316780", 
        "tid": "14385280", 
        "price": "120742000", 
        "type": "buy", 
        "amount": "0.00243520"
    }, 
    {
        "date": "1579316778", 
        "tid": "14385279", 
        "price": "120469000", 
        "type": "sell", 
        "amount": "0.00223604"
    }, 
    {
        "date": "1579316778", 
        "tid": "14385278", 
        "price": "120500000", 
        "type": "sell", 
        "amount": "0.00244244"
    }, 
    {
        "date": "1579316778", 
        "tid": "14385277", 
        "price": "120530000", 
        "type": "sell", 
        "amount": "0.00244245"
    }, 
    {
        "date": "1579316778", 
        "tid": "14385276", 
        "price": "120561000", 
        "type": "sell", 
        "amount": "0.00244244"
    }, 
    {
        "date": "1579316778", 
        "tid": "14385275", 
        "price": "120591000", 
        "type": "sell", 
        "amount": "0.00244246"
    }, 
    {
        "date": "1579316778", 
        "tid": "14385274", 
        "price": "120622000", 
        "type": "sell", 
        "amount": "0.00244245"
    }, 
    {
        "date": "1579316764", 
        "tid": "14385273", 
        "price": "120453000", 
        "type": "sell", 
        "amount": "0.00405680"
    }, 
    {
        "date": "1579316743", 
        "tid": "14385272", 
        "price": "120454000", 
        "type": "sell", 
        "amount": "0.00991046"
    }, 
    {
        "date": "1579316743", 
        "tid": "14385271", 
        "price": "120500000", 
        "type": "sell", 
        "amount": "0.00050471"
    }, 
    {
        "date": "1579316743", 
        "tid": "14385270", 
        "price": "120565000", 
        "type": "sell", 
        "amount": "0.00074470"
    }, 
    {
        "date": "1579316718", 
        "tid": "14385269", 
        "price": "120839000", 
        "type": "buy", 
        "amount": "0.07154695"
    }, 
    {
        "date": "1579316718", 
        "tid": "14385268", 
        "price": "120838000", 
        "type": "buy", 
        "amount": "0.00152083"
    }, 
    {
        "date": "1579316718", 
        "tid": "14385267", 
        "price": "120837000", 
        "type": "buy", 
        "amount": "0.00086906"
    }, 
    {
        "date": "1579316718", 
        "tid": "14385266", 
        "price": "120801000", 
        "type": "buy", 
        "amount": "0.00241978"
    }, 
    {
        "date": "1579316718", 
        "tid": "14385265", 
        "price": "120800000", 
        "type": "buy", 
        "amount": "0.04149377"
    }, 
    {
        "date": "1579316718", 
        "tid": "14385264", 
        "price": "120750000", 
        "type": "buy", 
        "amount": "0.00050472"
    }, 
    {
        "date": "1579316718", 
        "tid": "14385263", 
        "price": "120576000", 
        "type": "buy", 
        "amount": "0.13009492"
    }, 
    {
        "date": "1579316718", 
        "tid": "14385262", 
        "price": "120575000", 
        "type": "buy", 
        "amount": "0.03244320"
    }, 
    {
        "date": "1579316605", 
        "tid": "14385261", 
        "price": "120449000", 
        "type": "sell", 
        "amount": "0.00538725"
    }, 
    {
        "date": "1579316605", 
        "tid": "14385260", 
        "price": "120495000", 
        "type": "sell", 
        "amount": "0.00585245"
    }, 
    {
        "date": "1579316605", 
        "tid": "14385259", 
        "price": "120500000", 
        "type": "sell", 
        "amount": "0.00050471"
    }, 
    {
        "date": "1579316605", 
        "tid": "14385258", 
        "price": "120574000", 
        "type": "sell", 
        "amount": "0.00118286"
    }, 
    {
        "date": "1579316592", 
        "tid": "14385257", 
        "price": "120574000", 
        "type": "sell", 
        "amount": "0.01004566"
    }, 
    {
        "date": "1579316537", 
        "tid": "14385256", 
        "price": "120574000", 
        "type": "sell", 
        "amount": "0.00261323"
    }, 
    {
        "date": "1579316499", 
        "tid": "14385255", 
        "price": "120574000", 
        "type": "sell", 
        "amount": "0.00274558"
    }, 
    {
        "date": "1579316430", 
        "tid": "14385254", 
        "price": "120518000", 
        "type": "sell", 
        "amount": "0.00135267"
    }, 
    {
        "date": "1579316430", 
        "tid": "14385253", 
        "price": "120519000", 
        "type": "sell", 
        "amount": "0.00422642"
    }, 
    {
        "date": "1579316430", 
        "tid": "14385252", 
        "price": "120520000", 
        "type": "sell", 
        "amount": "0.00295847"
    }, 
    {
        "date": "1579316430", 
        "tid": "14385251", 
        "price": "120521000", 
        "type": "sell", 
        "amount": "0.00169054"
    }, 
    {
        "date": "1579316430", 
        "tid": "14385250", 
        "price": "120564000", 
        "type": "sell", 
        "amount": "0.04147174"
    }, 
    {
        "date": "1579316430", 
        "tid": "14385249", 
        "price": "120565000", 
        "type": "sell", 
        "amount": "0.03787774"
    }, 
    {
        "date": "1579316430", 
        "tid": "14385248", 
        "price": "120575000", 
        "type": "sell", 
        "amount": "0.01222242"
    }, 
    {
        "date": "1579316285", 
        "tid": "14385247", 
        "price": "120566000", 
        "type": "buy", 
        "amount": "0.08787302"
    }, 
    {
        "date": "1579316275", 
        "tid": "14385246", 
        "price": "120566000", 
        "type": "buy", 
        "amount": "0.00826940"
    }, 
    {
        "date": "1579316187", 
        "tid": "14385245", 
        "price": "120565000", 
        "type": "sell", 
        "amount": "0.00506843"
    }, 
    {
        "date": "1579316187", 
        "tid": "14385244", 
        "price": "120612000", 
        "type": "sell", 
        "amount": "0.00244472"
    }, 
    {
        "date": "1579316187", 
        "tid": "14385243", 
        "price": "120617000", 
        "type": "sell", 
        "amount": "0.00112200"
    }, 
    {
        "date": "1579316187", 
        "tid": "14385242", 
        "price": "120618000", 
        "type": "sell", 
        "amount": "0.00100000"
    }, 
    {
        "date": "1579316187", 
        "tid": "14385241", 
        "price": "120627000", 
        "type": "sell", 
        "amount": "0.00136711"
    }, 
    {
        "date": "1579315995", 
        "tid": "14385240", 
        "price": "120863000", 
        "type": "buy", 
        "amount": "0.00973392"
    }, 
    {
        "date": "1579315918", 
        "tid": "14385239", 
        "price": "120866000", 
        "type": "buy", 
        "amount": "0.13719654"
    }, 
    {
        "date": "1579315918", 
        "tid": "14385238", 
        "price": "120843000", 
        "type": "buy", 
        "amount": "0.00112200"
    }, 
    {
        "date": "1579315918", 
        "tid": "14385237", 
        "price": "120823000", 
        "type": "buy", 
        "amount": "0.60000000"
    }, 
    {
        "date": "1579315918", 
        "tid": "14385236", 
        "price": "120816000", 
        "type": "buy", 
        "amount": "0.00244472"
    }, 
    {
        "date": "1579315918", 
        "tid": "14385235", 
        "price": "120801000", 
        "type": "buy", 
        "amount": "0.00074470"
    }, 
    {
        "date": "1579315918", 
        "tid": "14385234", 
        "price": "120800000", 
        "type": "buy", 
        "amount": "0.00363633"
    }, 
    {
        "date": "1579315918", 
        "tid": "14385233", 
        "price": "120789000", 
        "type": "buy", 
        "amount": "0.03038339"
    }, 
    {
        "date": "1579315918", 
        "tid": "14385232", 
        "price": "120788000", 
        "type": "buy", 
        "amount": "0.00429480"
    }, 
    {
        "date": "1579315918", 
        "tid": "14385231", 
        "price": "120787000", 
        "type": "buy", 
        "amount": "0.00217509"
    }, 
    {
        "date": "1579315918", 
        "tid": "14385230", 
        "price": "120786000", 
        "type": "buy", 
        "amount": "0.00152258"
    }, 
    {
        "date": "1579315918", 
        "tid": "14385229", 
        "price": "120785000", 
        "type": "buy", 
        "amount": "0.00087005"
    }, 
    {
        "date": "1579315918", 
        "tid": "14385228", 
        "price": "120750000", 
        "type": "buy", 
        "amount": "0.00050472"
    }, 
    {
        "date": "1579315918", 
        "tid": "14385227", 
        "price": "120746000", 
        "type": "buy", 
        "amount": "0.01222622"
    }, 
    {
        "date": "1579315918", 
        "tid": "14385226", 
        "price": "120742000", 
        "type": "buy", 
        "amount": "0.00075245"
    }, 
    {
        "date": "1579315918", 
        "tid": "14385225", 
        "price": "120741000", 
        "type": "buy", 
        "amount": "0.00100000"
    }, 
    {
        "date": "1579315918", 
        "tid": "14385224", 
        "price": "120734000", 
        "type": "buy", 
        "amount": "0.00100000"
    }, 
    {
        "date": "1579315918", 
        "tid": "14385223", 
        "price": "120733000", 
        "type": "buy", 
        "amount": "0.02530000"
    }, 
    {
        "date": "1579315822", 
        "tid": "14385222", 
        "price": "120739000", 
        "type": "buy", 
        "amount": "0.00082575"
    }, 
    {
        "date": "1579315768", 
        "tid": "14385221", 
        "price": "120426000", 
        "type": "sell", 
        "amount": "0.03120914"
    }, 
    {
        "date": "1579315768", 
        "tid": "14385220", 
        "price": "120440000", 
        "type": "sell", 
        "amount": "0.13151675"
    }, 
    {
        "date": "1579315768", 
        "tid": "14385219", 
        "price": "120450000", 
        "type": "sell", 
        "amount": "0.03468804"
    }, 
    {
        "date": "1579315768", 
        "tid": "14385218", 
        "price": "120500000", 
        "type": "sell", 
        "amount": "0.04199848"
    }, 
    {
        "date": "1579315768", 
        "tid": "14385217", 
        "price": "120502000", 
        "type": "sell", 
        "amount": "0.09633481"
    }, 
    {
        "date": "1579315768", 
        "tid": "14385216", 
        "price": "120503000", 
        "type": "sell", 
        "amount": "0.00100000"
    }, 
    {
        "date": "1579315768", 
        "tid": "14385215", 
        "price": "120518000", 
        "type": "sell", 
        "amount": "0.01554449"
    }, 
    {
        "date": "1579315768", 
        "tid": "14385214", 
        "price": "120565000", 
        "type": "sell", 
        "amount": "0.00074470"
    }, 
    {
        "date": "1579315768", 
        "tid": "14385213", 
        "price": "120600000", 
        "type": "sell", 
        "amount": "0.04145936"
    }, 
    {
        "date": "1579315768", 
        "tid": "14385212", 
        "price": "120612000", 
        "type": "sell", 
        "amount": "0.00244472"
    }, 
    {
        "date": "1579315768", 
        "tid": "14385211", 
        "price": "120617000", 
        "type": "sell", 
        "amount": "0.00112200"
    }, 
    {
        "date": "1579315768", 
        "tid": "14385210", 
        "price": "120619000", 
        "type": "sell", 
        "amount": "0.00256591"
    }, 
    {
        "date": "1579315768", 
        "tid": "14385209", 
        "price": "120630000", 
        "type": "sell", 
        "amount": "0.01937160"
    }, 
    {
        "date": "1579315747", 
        "tid": "14385208", 
        "price": "120745000", 
        "type": "buy", 
        "amount": "0.00820768"
    }, 
    {
        "date": "1579315712", 
        "tid": "14385207", 
        "price": "120745000", 
        "type": "buy", 
        "amount": "0.00825714"
    }, 
    {
        "date": "1579315664", 
        "tid": "14385206", 
        "price": "120745000", 
        "type": "buy", 
        "amount": "0.01621388"
    }, 
    {
        "date": "1579315664", 
        "tid": "14385205", 
        "price": "120631000", 
        "type": "buy", 
        "amount": "0.00403293"
    }, 
    {
        "date": "1579315573", 
        "tid": "14385204", 
        "price": "120630000", 
        "type": "sell", 
        "amount": "0.00466022"
    }, 
    {
        "date": "1579315573", 
        "tid": "14385203", 
        "price": "120744000", 
        "type": "sell", 
        "amount": "0.00082819"
    }, 
    {
        "date": "1579315452", 
        "tid": "14385202", 
        "price": "120745000", 
        "type": "buy", 
        "amount": "0.00412857"
    }, 
    {
        "date": "1579315449", 
        "tid": "14385201", 
        "price": "120745000", 
        "type": "sell", 
        "amount": "0.00277247"
    }, 
    {
        "date": "1579315435", 
        "tid": "14385200", 
        "price": "120745000", 
        "type": "sell", 
        "amount": "0.00825707"
    }, 
    {
        "date": "1579315410", 
        "tid": "14385199", 
        "price": "120745000", 
        "type": "buy", 
        "amount": "0.10507221"
    }, 
    {
        "date": "1579315409", 
        "tid": "14385198", 
        "price": "120745000", 
        "type": "sell", 
        "amount": "0.00301475"
    }, 
    {
        "date": "1579315409", 
        "tid": "14385197", 
        "price": "120746000", 
        "type": "buy", 
        "amount": "0.00825707"
    }, 
    {
        "date": "1579315322", 
        "tid": "14385196", 
        "price": "120745000", 
        "type": "sell", 
        "amount": "0.00043000"
    }, 
    {
        "date": "1579315214", 
        "tid": "14385195", 
        "price": "120745000", 
        "type": "sell", 
        "amount": "0.00134469"
    }, 
    {
        "date": "1579315105", 
        "tid": "14385194", 
        "price": "120746000", 
        "type": "buy", 
        "amount": "0.00057866"
    }, 
    {
        "date": "1579314801", 
        "tid": "14385193", 
        "price": "120746000", 
        "type": "buy", 
        "amount": "0.00223725"
    }, 
    {
        "date": "1579314785", 
        "tid": "14385192", 
        "price": "120630000", 
        "type": "sell", 
        "amount": "0.00238645"
    }, 
    {
        "date": "1579314785", 
        "tid": "14385191", 
        "price": "120631000", 
        "type": "sell", 
        "amount": "0.00249566"
    }, 
    {
        "date": "1579314785", 
        "tid": "14385190", 
        "price": "120745000", 
        "type": "sell", 
        "amount": "0.00074239"
    }, 
    {
        "date": "1579314760", 
        "tid": "14385189", 
        "price": "120746000", 
        "type": "buy", 
        "amount": "0.01042233"
    }, 
    {
        "date": "1579314744", 
        "tid": "14385188", 
        "price": "120746000", 
        "type": "buy", 
        "amount": "0.00041285"
    }, 
    {
        "date": "1579314727", 
        "tid": "14385187", 
        "price": "120630000", 
        "type": "sell", 
        "amount": "0.00174777"
    }, 
    {
        "date": "1579314607", 
        "tid": "14385186", 
        "price": "120746000", 
        "type": "buy", 
        "amount": "0.00042111"
    }, 
    {
        "date": "1579314601", 
        "tid": "14385185", 
        "price": "120746000", 
        "type": "buy", 
        "amount": "0.04178265"
    }, 
    {
        "date": "1579314599", 
        "tid": "14385184", 
        "price": "120746000", 
        "type": "sell", 
        "amount": "0.00882633"
    }, 
    {
        "date": "1579314579", 
        "tid": "14385183", 
        "price": "120962000", 
        "type": "buy", 
        "amount": "0.11025624"
    }, 
    {
        "date": "1579314579", 
        "tid": "14385182", 
        "price": "120961000", 
        "type": "buy", 
        "amount": "0.00086878"
    }, 
    {
        "date": "1579314579", 
        "tid": "14385181", 
        "price": "120867000", 
        "type": "buy", 
        "amount": "0.00256592"
    }, 
    {
        "date": "1579314579", 
        "tid": "14385180", 
        "price": "120843000", 
        "type": "buy", 
        "amount": "0.00112200"
    }, 
    {
        "date": "1579314579", 
        "tid": "14385179", 
        "price": "120842000", 
        "type": "buy", 
        "amount": "0.00630000"
    }, 
    {
        "date": "1579314579", 
        "tid": "14385178", 
        "price": "120835000", 
        "type": "buy", 
        "amount": "0.00477500"
    }
]