[
    {
        "date": "1579307917", 
        "tid": "14384803", 
        "price": "121059000", 
        "type": "sell", 
        "amount": "0.02221505"
    }, 
    {
        "date": "1579307916", 
        "tid": "14384802", 
        "price": "121100000", 
        "type": "buy", 
        "amount": "0.12936583"
    }, 
    {
        "date": "1579307916", 
        "tid": "14384801", 
        "price": "121086000", 
        "type": "buy", 
        "amount": "0.00501985"
    }, 
    {
        "date": "1579307916", 
        "tid": "14384800", 
        "price": "121069000", 
        "type": "buy", 
        "amount": "0.00112200"
    }, 
    {
        "date": "1579307916", 
        "tid": "14384799", 
        "price": "121060000", 
        "type": "buy", 
        "amount": "0.27608761"
    }, 
    {
        "date": "1579307904", 
        "tid": "14384798", 
        "price": "121060000", 
        "type": "buy", 
        "amount": "0.17925243"
    }, 
    {
        "date": "1579307904", 
        "tid": "14384797", 
        "price": "121053000", 
        "type": "buy", 
        "amount": "0.00145689"
    }, 
    {
        "date": "1579307830", 
        "tid": "14384796", 
        "price": "121052000", 
        "type": "sell", 
        "amount": "0.00431047"
    }, 
    {
        "date": "1579307828", 
        "tid": "14384795", 
        "price": "121060000", 
        "type": "buy", 
        "amount": "0.31123938"
    }, 
    {
        "date": "1579307821", 
        "tid": "14384794", 
        "price": "121052000", 
        "type": "sell", 
        "amount": "0.00066315"
    }, 
    {
        "date": "1579307815", 
        "tid": "14384793", 
        "price": "121051000", 
        "type": "sell", 
        "amount": "0.00879289"
    }, 
    {
        "date": "1579307808", 
        "tid": "14384792", 
        "price": "120931000", 
        "type": "sell", 
        "amount": "0.00330309"
    }, 
    {
        "date": "1579307798", 
        "tid": "14384791", 
        "price": "121060000", 
        "type": "buy", 
        "amount": "0.21234978"
    }, 
    {
        "date": "1579307798", 
        "tid": "14384790", 
        "price": "121059000", 
        "type": "buy", 
        "amount": "0.00115351"
    }, 
    {
        "date": "1579307798", 
        "tid": "14384789", 
        "price": "121054000", 
        "type": "buy", 
        "amount": "0.00116591"
    }, 
    {
        "date": "1579307798", 
        "tid": "14384788", 
        "price": "121044000", 
        "type": "buy", 
        "amount": "0.00674653"
    }, 
    {
        "date": "1579307798", 
        "tid": "14384787", 
        "price": "121041000", 
        "type": "buy", 
        "amount": "0.00053671"
    }, 
    {
        "date": "1579307798", 
        "tid": "14384786", 
        "price": "121037000", 
        "type": "buy", 
        "amount": "0.00074470"
    }, 
    {
        "date": "1579307798", 
        "tid": "14384785", 
        "price": "121020000", 
        "type": "buy", 
        "amount": "0.00244472"
    }, 
    {
        "date": "1579307798", 
        "tid": "14384784", 
        "price": "121011000", 
        "type": "buy", 
        "amount": "0.02503337"
    }, 
    {
        "date": "1579307798", 
        "tid": "14384783", 
        "price": "121000000", 
        "type": "buy", 
        "amount": "0.28183291"
    }, 
    {
        "date": "1579307792", 
        "tid": "14384782", 
        "price": "121000000", 
        "type": "buy", 
        "amount": "0.21084000"
    }, 
    {
        "date": "1579307761", 
        "tid": "14384781", 
        "price": "120810000", 
        "type": "sell", 
        "amount": "0.00277437"
    }, 
    {
        "date": "1579307747", 
        "tid": "14384780", 
        "price": "121000000", 
        "type": "buy", 
        "amount": "0.78679121"
    }, 
    {
        "date": "1579307747", 
        "tid": "14384779", 
        "price": "120999000", 
        "type": "buy", 
        "amount": "0.23470000"
    }, 
    {
        "date": "1579307747", 
        "tid": "14384778", 
        "price": "120998000", 
        "type": "buy", 
        "amount": "0.00044034"
    }, 
    {
        "date": "1579307747", 
        "tid": "14384777", 
        "price": "120989000", 
        "type": "buy", 
        "amount": "0.00067890"
    }, 
    {
        "date": "1579307747", 
        "tid": "14384776", 
        "price": "120944000", 
        "type": "buy", 
        "amount": "0.00100000"
    }, 
    {
        "date": "1579307730", 
        "tid": "14384775", 
        "price": "120900000", 
        "type": "buy", 
        "amount": "0.00078242"
    }, 
    {
        "date": "1579307727", 
        "tid": "14384774", 
        "price": "120900000", 
        "type": "buy", 
        "amount": "0.09770690"
    }, 
    {
        "date": "1579307722", 
        "tid": "14384773", 
        "price": "120900000", 
        "type": "buy", 
        "amount": "0.05358572"
    }, 
    {
        "date": "1579307722", 
        "tid": "14384772", 
        "price": "120867000", 
        "type": "buy", 
        "amount": "0.00256592"
    }, 
    {
        "date": "1579307722", 
        "tid": "14384771", 
        "price": "120843000", 
        "type": "buy", 
        "amount": "0.00112200"
    }, 
    {
        "date": "1579307722", 
        "tid": "14384770", 
        "price": "120816000", 
        "type": "buy", 
        "amount": "0.00244472"
    }, 
    {
        "date": "1579307722", 
        "tid": "14384769", 
        "price": "120801000", 
        "type": "buy", 
        "amount": "0.00074470"
    }, 
    {
        "date": "1579307722", 
        "tid": "14384768", 
        "price": "120800000", 
        "type": "buy", 
        "amount": "0.01699849"
    }, 
    {
        "date": "1579307722", 
        "tid": "14384767", 
        "price": "120799000", 
        "type": "buy", 
        "amount": "0.00280920"
    }, 
    {
        "date": "1579307721", 
        "tid": "14384766", 
        "price": "120796000", 
        "type": "buy", 
        "amount": "0.00146603"
    }, 
    {
        "date": "1579307720", 
        "tid": "14384765", 
        "price": "120796000", 
        "type": "buy", 
        "amount": "0.18245264"
    }, 
    {
        "date": "1579307710", 
        "tid": "14384764", 
        "price": "120796000", 
        "type": "buy", 
        "amount": "0.14055978"
    }, 
    {
        "date": "1579307698", 
        "tid": "14384763", 
        "price": "120796000", 
        "type": "buy", 
        "amount": "0.00703571"
    }, 
    {
        "date": "1579307642", 
        "tid": "14384762", 
        "price": "120796000", 
        "type": "buy", 
        "amount": "0.22087966"
    }, 
    {
        "date": "1579307570", 
        "tid": "14384761", 
        "price": "120796000", 
        "type": "buy", 
        "amount": "0.00703571"
    }, 
    {
        "date": "1579307526", 
        "tid": "14384760", 
        "price": "120796000", 
        "type": "buy", 
        "amount": "0.00074961"
    }, 
    {
        "date": "1579307509", 
        "tid": "14384759", 
        "price": "120691000", 
        "type": "sell", 
        "amount": "0.00048898"
    }, 
    {
        "date": "1579307481", 
        "tid": "14384758", 
        "price": "120796000", 
        "type": "buy", 
        "amount": "0.01778462"
    }, 
    {
        "date": "1579307481", 
        "tid": "14384757", 
        "price": "120795000", 
        "type": "buy", 
        "amount": "0.00204623"
    }, 
    {
        "date": "1579307429", 
        "tid": "14384756", 
        "price": "120796000", 
        "type": "buy", 
        "amount": "0.00106282"
    }, 
    {
        "date": "1579307429", 
        "tid": "14384755", 
        "price": "120795000", 
        "type": "buy", 
        "amount": "0.01258083"
    }, 
    {
        "date": "1579307379", 
        "tid": "14384754", 
        "price": "120687000", 
        "type": "sell", 
        "amount": "0.00495511"
    }, 
    {
        "date": "1579307377", 
        "tid": "14384753", 
        "price": "120796000", 
        "type": "buy", 
        "amount": "0.00484594"
    }, 
    {
        "date": "1579307377", 
        "tid": "14384752", 
        "price": "120795000", 
        "type": "buy", 
        "amount": "0.00129368"
    }, 
    {
        "date": "1579307376", 
        "tid": "14384751", 
        "price": "120687000", 
        "type": "sell", 
        "amount": "0.00165170"
    }, 
    {
        "date": "1579307373", 
        "tid": "14384750", 
        "price": "120687000", 
        "type": "sell", 
        "amount": "0.00073409"
    }, 
    {
        "date": "1579307324", 
        "tid": "14384749", 
        "price": "120796000", 
        "type": "buy", 
        "amount": "0.01228467"
    }, 
    {
        "date": "1579307316", 
        "tid": "14384748", 
        "price": "120796000", 
        "type": "buy", 
        "amount": "0.00546398"
    }, 
    {
        "date": "1579307298", 
        "tid": "14384747", 
        "price": "120796000", 
        "type": "buy", 
        "amount": "0.02048995"
    }, 
    {
        "date": "1579307298", 
        "tid": "14384746", 
        "price": "120686000", 
        "type": "sell", 
        "amount": "0.00081714"
    }, 
    {
        "date": "1579307294", 
        "tid": "14384745", 
        "price": "120794000", 
        "type": "sell", 
        "amount": "0.00132456"
    }, 
    {
        "date": "1579307276", 
        "tid": "14384744", 
        "price": "120796000", 
        "type": "buy", 
        "amount": "0.01023264"
    }, 
    {
        "date": "1579307267", 
        "tid": "14384743", 
        "price": "120796000", 
        "type": "buy", 
        "amount": "0.00545741"
    }, 
    {
        "date": "1579307203", 
        "tid": "14384742", 
        "price": "120796000", 
        "type": "buy", 
        "amount": "0.00478099"
    }, 
    {
        "date": "1579307194", 
        "tid": "14384741", 
        "price": "120796000", 
        "type": "buy", 
        "amount": "0.02048995"
    }, 
    {
        "date": "1579307186", 
        "tid": "14384740", 
        "price": "120796000", 
        "type": "buy", 
        "amount": "0.02049065"
    }, 
    {
        "date": "1579307178", 
        "tid": "14384739", 
        "price": "120796000", 
        "type": "buy", 
        "amount": "0.00616030"
    }, 
    {
        "date": "1579307070", 
        "tid": "14384738", 
        "price": "120796000", 
        "type": "buy", 
        "amount": "0.01240146"
    }, 
    {
        "date": "1579306968", 
        "tid": "14384737", 
        "price": "120796000", 
        "type": "buy", 
        "amount": "0.16399326"
    }, 
    {
        "date": "1579306968", 
        "tid": "14384736", 
        "price": "120795000", 
        "type": "buy", 
        "amount": "0.00169473"
    }, 
    {
        "date": "1579306846", 
        "tid": "14384735", 
        "price": "120796000", 
        "type": "buy", 
        "amount": "0.02104686"
    }, 
    {
        "date": "1579306846", 
        "tid": "14384734", 
        "price": "120795000", 
        "type": "buy", 
        "amount": "0.01244238"
    }, 
    {
        "date": "1579306778", 
        "tid": "14384733", 
        "price": "120795000", 
        "type": "buy", 
        "amount": "0.05014969"
    }, 
    {
        "date": "1579306778", 
        "tid": "14384732", 
        "price": "120775000", 
        "type": "buy", 
        "amount": "0.00641403"
    }, 
    {
        "date": "1579306778", 
        "tid": "14384731", 
        "price": "120774000", 
        "type": "buy", 
        "amount": "0.00075000"
    }, 
    {
        "date": "1579306778", 
        "tid": "14384730", 
        "price": "120768000", 
        "type": "buy", 
        "amount": "0.04140203"
    }, 
    {
        "date": "1579306778", 
        "tid": "14384729", 
        "price": "120767000", 
        "type": "buy", 
        "amount": "0.00100000"
    }, 
    {
        "date": "1579306648", 
        "tid": "14384728", 
        "price": "120767000", 
        "type": "buy", 
        "amount": "0.00505297"
    }, 
    {
        "date": "1579306648", 
        "tid": "14384727", 
        "price": "120750000", 
        "type": "buy", 
        "amount": "0.00050472"
    }, 
    {
        "date": "1579306648", 
        "tid": "14384726", 
        "price": "120708000", 
        "type": "buy", 
        "amount": "0.00064010"
    }, 
    {
        "date": "1579306641", 
        "tid": "14384725", 
        "price": "120708000", 
        "type": "buy", 
        "amount": "0.00580090"
    }, 
    {
        "date": "1579306641", 
        "tid": "14384724", 
        "price": "120619000", 
        "type": "buy", 
        "amount": "0.00256592"
    }, 
    {
        "date": "1579306641", 
        "tid": "14384723", 
        "price": "120617000", 
        "type": "buy", 
        "amount": "0.00112200"
    }, 
    {
        "date": "1579306641", 
        "tid": "14384722", 
        "price": "120612000", 
        "type": "buy", 
        "amount": "0.00244472"
    }, 
    {
        "date": "1579306641", 
        "tid": "14384721", 
        "price": "120600000", 
        "type": "buy", 
        "amount": "0.00050798"
    }, 
    {
        "date": "1579306471", 
        "tid": "14384720", 
        "price": "120404000", 
        "type": "buy", 
        "amount": "0.00507246"
    }, 
    {
        "date": "1579306471", 
        "tid": "14384719", 
        "price": "120400000", 
        "type": "buy", 
        "amount": "0.00065800"
    }, 
    {
        "date": "1579306444", 
        "tid": "14384718", 
        "price": "120400000", 
        "type": "buy", 
        "amount": "0.04386839"
    }, 
    {
        "date": "1579306359", 
        "tid": "14384717", 
        "price": "120399000", 
        "type": "sell", 
        "amount": "0.20204159"
    }, 
    {
        "date": "1579306325", 
        "tid": "14384716", 
        "price": "120399000", 
        "type": "sell", 
        "amount": "0.00363772"
    }, 
    {
        "date": "1579306311", 
        "tid": "14384715", 
        "price": "120399000", 
        "type": "sell", 
        "amount": "0.00297626"
    }, 
    {
        "date": "1579306221", 
        "tid": "14384714", 
        "price": "120400000", 
        "type": "buy", 
        "amount": "0.04016013"
    }, 
    {
        "date": "1579306212", 
        "tid": "14384713", 
        "price": "120400000", 
        "type": "buy", 
        "amount": "0.06024020"
    }, 
    {
        "date": "1579306098", 
        "tid": "14384712", 
        "price": "120398000", 
        "type": "sell", 
        "amount": "0.00640085"
    }, 
    {
        "date": "1579306098", 
        "tid": "14384711", 
        "price": "120403000", 
        "type": "sell", 
        "amount": "0.00061805"
    }, 
    {
        "date": "1579306077", 
        "tid": "14384710", 
        "price": "120401000", 
        "type": "sell", 
        "amount": "0.00842261"
    }, 
    {
        "date": "1579306073", 
        "tid": "14384709", 
        "price": "120401000", 
        "type": "sell", 
        "amount": "0.11711485"
    }, 
    {
        "date": "1579306062", 
        "tid": "14384708", 
        "price": "120399000", 
        "type": "sell", 
        "amount": "0.01396153"
    }, 
    {
        "date": "1579306046", 
        "tid": "14384707", 
        "price": "120397000", 
        "type": "sell", 
        "amount": "0.00693862"
    }, 
    {
        "date": "1579306038", 
        "tid": "14384706", 
        "price": "120391000", 
        "type": "sell", 
        "amount": "0.01241542"
    }, 
    {
        "date": "1579306017", 
        "tid": "14384705", 
        "price": "120391000", 
        "type": "sell", 
        "amount": "0.00203641"
    }, 
    {
        "date": "1579305959", 
        "tid": "14384704", 
        "price": "120353000", 
        "type": "sell", 
        "amount": "0.00082590"
    }, 
    {
        "date": "1579305959", 
        "tid": "14384703", 
        "price": "120370000", 
        "type": "sell", 
        "amount": "0.00256593"
    }, 
    {
        "date": "1579305843", 
        "tid": "14384702", 
        "price": "120392000", 
        "type": "sell", 
        "amount": "0.00112200"
    }, 
    {
        "date": "1579305807", 
        "tid": "14384701", 
        "price": "120408000", 
        "type": "sell", 
        "amount": "0.00244472"
    }, 
    {
        "date": "1579305731", 
        "tid": "14384700", 
        "price": "120450000", 
        "type": "sell", 
        "amount": "0.03747071"
    }, 
    {
        "date": "1579305719", 
        "tid": "14384699", 
        "price": "120473000", 
        "type": "sell", 
        "amount": "0.04779321"
    }, 
    {
        "date": "1579305703", 
        "tid": "14384698", 
        "price": "120500000", 
        "type": "sell", 
        "amount": "0.00050471"
    }, 
    {
        "date": "1579305691", 
        "tid": "14384697", 
        "price": "120565000", 
        "type": "sell", 
        "amount": "0.00074470"
    }, 
    {
        "date": "1579305675", 
        "tid": "14384696", 
        "price": "120600000", 
        "type": "sell", 
        "amount": "0.01658374"
    }, 
    {
        "date": "1579305666", 
        "tid": "14384695", 
        "price": "120612000", 
        "type": "sell", 
        "amount": "0.00244472"
    }, 
    {
        "date": "1579305658", 
        "tid": "14384694", 
        "price": "120615000", 
        "type": "sell", 
        "amount": "0.02485720"
    }, 
    {
        "date": "1579305650", 
        "tid": "14384693", 
        "price": "120615000", 
        "type": "sell", 
        "amount": "0.01351572"
    }, 
    {
        "date": "1579305650", 
        "tid": "14384692", 
        "price": "120616000", 
        "type": "sell", 
        "amount": "0.00648428"
    }, 
    {
        "date": "1579305648", 
        "tid": "14384691", 
        "price": "120616000", 
        "type": "sell", 
        "amount": "0.00048093"
    }, 
    {
        "date": "1579305648", 
        "tid": "14384690", 
        "price": "120617000", 
        "type": "sell", 
        "amount": "0.00112200"
    }, 
    {
        "date": "1579305648", 
        "tid": "14384689", 
        "price": "120619000", 
        "type": "sell", 
        "amount": "0.00256591"
    }, 
    {
        "date": "1579305648", 
        "tid": "14384688", 
        "price": "120632000", 
        "type": "sell", 
        "amount": "0.00044033"
    }, 
    {
        "date": "1579305646", 
        "tid": "14384687", 
        "price": "120670000", 
        "type": "buy", 
        "amount": "0.00236207"
    }, 
    {
        "date": "1579305646", 
        "tid": "14384686", 
        "price": "120670000", 
        "type": "sell", 
        "amount": "0.00067890"
    }, 
    {
        "date": "1579305628", 
        "tid": "14384685", 
        "price": "120700000", 
        "type": "sell", 
        "amount": "0.03032348"
    }, 
    {
        "date": "1579305577", 
        "tid": "14384684", 
        "price": "120708000", 
        "type": "buy", 
        "amount": "0.00545138"
    }, 
    {
        "date": "1579305574", 
        "tid": "14384683", 
        "price": "120708000", 
        "type": "buy", 
        "amount": "0.00545138"
    }, 
    {
        "date": "1579305517", 
        "tid": "14384682", 
        "price": "120710000", 
        "type": "buy", 
        "amount": "0.00090357"
    }, 
    {
        "date": "1579305481", 
        "tid": "14384681", 
        "price": "120712000", 
        "type": "buy", 
        "amount": "0.00195442"
    }, 
    {
        "date": "1579305477", 
        "tid": "14384680", 
        "price": "120713000", 
        "type": "buy", 
        "amount": "0.00195441"
    }, 
    {
        "date": "1579305474", 
        "tid": "14384679", 
        "price": "120714000", 
        "type": "buy", 
        "amount": "0.00195439"
    }, 
    {
        "date": "1579305455", 
        "tid": "14384678", 
        "price": "120717000", 
        "type": "buy", 
        "amount": "0.11893047"
    }, 
    {
        "date": "1579305425", 
        "tid": "14384677", 
        "price": "120731000", 
        "type": "sell", 
        "amount": "0.11629822"
    }, 
    {
        "date": "1579305398", 
        "tid": "14384676", 
        "price": "120732000", 
        "type": "sell", 
        "amount": "0.01226312"
    }, 
    {
        "date": "1579305348", 
        "tid": "14384675", 
        "price": "120732000", 
        "type": "sell", 
        "amount": "0.00752022"
    }, 
    {
        "date": "1579305340", 
        "tid": "14384674", 
        "price": "120732000", 
        "type": "sell", 
        "amount": "0.00269144"
    }, 
    {
        "date": "1579305337", 
        "tid": "14384673", 
        "price": "120795000", 
        "type": "buy", 
        "amount": "0.00057549"
    }, 
    {
        "date": "1579305337", 
        "tid": "14384672", 
        "price": "120794000", 
        "type": "buy", 
        "amount": "0.00190565"
    }, 
    {
        "date": "1579305311", 
        "tid": "14384671", 
        "price": "120732000", 
        "type": "sell", 
        "amount": "0.00752022"
    }, 
    {
        "date": "1579305301", 
        "tid": "14384670", 
        "price": "120732000", 
        "type": "sell", 
        "amount": "0.00752022"
    }, 
    {
        "date": "1579305292", 
        "tid": "14384669", 
        "price": "120732000", 
        "type": "sell", 
        "amount": "0.00389884"
    }, 
    {
        "date": "1579305292", 
        "tid": "14384668", 
        "price": "120733000", 
        "type": "sell", 
        "amount": "0.00362137"
    }, 
    {
        "date": "1579305274", 
        "tid": "14384667", 
        "price": "120733000", 
        "type": "sell", 
        "amount": "0.00752015"
    }, 
    {
        "date": "1579305266", 
        "tid": "14384666", 
        "price": "120733000", 
        "type": "sell", 
        "amount": "0.00752015"
    }, 
    {
        "date": "1579305212", 
        "tid": "14384665", 
        "price": "120733000", 
        "type": "sell", 
        "amount": "0.00752015"
    }, 
    {
        "date": "1579305199", 
        "tid": "14384664", 
        "price": "120733000", 
        "type": "sell", 
        "amount": "0.00752015"
    }, 
    {
        "date": "1579305191", 
        "tid": "14384663", 
        "price": "120733000", 
        "type": "sell", 
        "amount": "0.00752015"
    }, 
    {
        "date": "1579305180", 
        "tid": "14384662", 
        "price": "120733000", 
        "type": "sell", 
        "amount": "0.00752015"
    }, 
    {
        "date": "1579305156", 
        "tid": "14384661", 
        "price": "120733000", 
        "type": "sell", 
        "amount": "0.00752015"
    }, 
    {
        "date": "1579305129", 
        "tid": "14384660", 
        "price": "120733000", 
        "type": "sell", 
        "amount": "0.00014441"
    }, 
    {
        "date": "1579305129", 
        "tid": "14384659", 
        "price": "120742000", 
        "type": "sell", 
        "amount": "0.00737537"
    }, 
    {
        "date": "1579305058", 
        "tid": "14384658", 
        "price": "120800000", 
        "type": "sell", 
        "amount": "0.00903670"
    }, 
    {
        "date": "1579305047", 
        "tid": "14384657", 
        "price": "120800000", 
        "type": "sell", 
        "amount": "0.00751959"
    }, 
    {
        "date": "1579304964", 
        "tid": "14384656", 
        "price": "120890000", 
        "type": "buy", 
        "amount": "0.00097094"
    }, 
    {
        "date": "1579304964", 
        "tid": "14384655", 
        "price": "120743000", 
        "type": "buy", 
        "amount": "0.00125066"
    }, 
    {
        "date": "1579304936", 
        "tid": "14384654", 
        "price": "120896000", 
        "type": "buy", 
        "amount": "0.00563172"
    }
]