[
    {
        "date": "1579263176", 
        "tid": "14382988", 
        "price": "120166000", 
        "type": "sell", 
        "amount": "0.00112199"
    }, 
    {
        "date": "1579263161", 
        "tid": "14382987", 
        "price": "120167000", 
        "type": "buy", 
        "amount": "0.00562557"
    }, 
    {
        "date": "1579263146", 
        "tid": "14382986", 
        "price": "120200000", 
        "type": "sell", 
        "amount": "0.02495840"
    }, 
    {
        "date": "1579263146", 
        "tid": "14382985", 
        "price": "120204000", 
        "type": "sell", 
        "amount": "0.00244471"
    }, 
    {
        "date": "1579263146", 
        "tid": "14382984", 
        "price": "120231000", 
        "type": "sell", 
        "amount": "0.00501988"
    }, 
    {
        "date": "1579263146", 
        "tid": "14382983", 
        "price": "120245000", 
        "type": "sell", 
        "amount": "0.00468277"
    }, 
    {
        "date": "1579263146", 
        "tid": "14382982", 
        "price": "120250000", 
        "type": "sell", 
        "amount": "0.02798885"
    }, 
    {
        "date": "1579263137", 
        "tid": "14382981", 
        "price": "120250000", 
        "type": "sell", 
        "amount": "0.00577989"
    }, 
    {
        "date": "1579263137", 
        "tid": "14382980", 
        "price": "120257000", 
        "type": "sell", 
        "amount": "0.00067564"
    }, 
    {
        "date": "1579263137", 
        "tid": "14382979", 
        "price": "120267000", 
        "type": "sell", 
        "amount": "0.04201449"
    }, 
    {
        "date": "1579263137", 
        "tid": "14382978", 
        "price": "120280000", 
        "type": "sell", 
        "amount": "0.22421235"
    }, 
    {
        "date": "1579263137", 
        "tid": "14382977", 
        "price": "120283000", 
        "type": "sell", 
        "amount": "0.00731763"
    }, 
    {
        "date": "1579263130", 
        "tid": "14382976", 
        "price": "120283000", 
        "type": "sell", 
        "amount": "0.13000000"
    }, 
    {
        "date": "1579263129", 
        "tid": "14382975", 
        "price": "120283000", 
        "type": "sell", 
        "amount": "0.03000000"
    }, 
    {
        "date": "1579263129", 
        "tid": "14382974", 
        "price": "120283000", 
        "type": "sell", 
        "amount": "0.24000000"
    }, 
    {
        "date": "1579263107", 
        "tid": "14382973", 
        "price": "120283000", 
        "type": "sell", 
        "amount": "0.66000000"
    }, 
    {
        "date": "1579263099", 
        "tid": "14382972", 
        "price": "120283000", 
        "type": "sell", 
        "amount": "1.10000000"
    }, 
    {
        "date": "1579263093", 
        "tid": "14382971", 
        "price": "120284000", 
        "type": "buy", 
        "amount": "0.00204111"
    }, 
    {
        "date": "1579263093", 
        "tid": "14382970", 
        "price": "120283000", 
        "type": "sell", 
        "amount": "0.06419315"
    }, 
    {
        "date": "1579263088", 
        "tid": "14382969", 
        "price": "120284000", 
        "type": "buy", 
        "amount": "0.00884617"
    }, 
    {
        "date": "1579263003", 
        "tid": "14382968", 
        "price": "120284000", 
        "type": "buy", 
        "amount": "0.00165776"
    }, 
    {
        "date": "1579262989", 
        "tid": "14382967", 
        "price": "120283000", 
        "type": "sell", 
        "amount": "0.00174380"
    }, 
    {
        "date": "1579262964", 
        "tid": "14382966", 
        "price": "120283000", 
        "type": "sell", 
        "amount": "0.01833831"
    }, 
    {
        "date": "1579262916", 
        "tid": "14382965", 
        "price": "120283000", 
        "type": "sell", 
        "amount": "0.00042355"
    }, 
    {
        "date": "1579262892", 
        "tid": "14382964", 
        "price": "120283000", 
        "type": "sell", 
        "amount": "0.02060792"
    }, 
    {
        "date": "1579262840", 
        "tid": "14382963", 
        "price": "120283000", 
        "type": "sell", 
        "amount": "1.50026994"
    }, 
    {
        "date": "1579262840", 
        "tid": "14382962", 
        "price": "120285000", 
        "type": "sell", 
        "amount": "0.04201819"
    }, 
    {
        "date": "1579262840", 
        "tid": "14382961", 
        "price": "120294000", 
        "type": "sell", 
        "amount": "0.24151566"
    }, 
    {
        "date": "1579262840", 
        "tid": "14382960", 
        "price": "120300000", 
        "type": "sell", 
        "amount": "0.36568518"
    }, 
    {
        "date": "1579262840", 
        "tid": "14382959", 
        "price": "120454000", 
        "type": "sell", 
        "amount": "0.00051103"
    }, 
    {
        "date": "1579262826", 
        "tid": "14382958", 
        "price": "120300000", 
        "type": "sell", 
        "amount": "0.45558137"
    }, 
    {
        "date": "1579262825", 
        "tid": "14382957", 
        "price": "120300000", 
        "type": "sell", 
        "amount": "0.15241540"
    }, 
    {
        "date": "1579262825", 
        "tid": "14382956", 
        "price": "120320000", 
        "type": "sell", 
        "amount": "0.00354930"
    }, 
    {
        "date": "1579262825", 
        "tid": "14382955", 
        "price": "120321000", 
        "type": "sell", 
        "amount": "0.00424637"
    }, 
    {
        "date": "1579262825", 
        "tid": "14382954", 
        "price": "120322000", 
        "type": "sell", 
        "amount": "0.30976659"
    }, 
    {
        "date": "1579262825", 
        "tid": "14382953", 
        "price": "120322000", 
        "type": "sell", 
        "amount": "0.14955165"
    }, 
    {
        "date": "1579262825", 
        "tid": "14382952", 
        "price": "120323000", 
        "type": "sell", 
        "amount": "0.03643189"
    }, 
    {
        "date": "1579262825", 
        "tid": "14382951", 
        "price": "120324000", 
        "type": "sell", 
        "amount": "0.00693217"
    }, 
    {
        "date": "1579262825", 
        "tid": "14382950", 
        "price": "120330000", 
        "type": "sell", 
        "amount": "0.00074469"
    }, 
    {
        "date": "1579262825", 
        "tid": "14382949", 
        "price": "120351000", 
        "type": "sell", 
        "amount": "0.00067889"
    }, 
    {
        "date": "1579262825", 
        "tid": "14382948", 
        "price": "120353000", 
        "type": "sell", 
        "amount": "0.00115350"
    }, 
    {
        "date": "1579262825", 
        "tid": "14382947", 
        "price": "120355000", 
        "type": "sell", 
        "amount": "0.01005359"
    }, 
    {
        "date": "1579262825", 
        "tid": "14382946", 
        "price": "120368000", 
        "type": "sell", 
        "amount": "0.00602878"
    }, 
    {
        "date": "1579262825", 
        "tid": "14382945", 
        "price": "120384000", 
        "type": "sell", 
        "amount": "0.00053670"
    }, 
    {
        "date": "1579262825", 
        "tid": "14382944", 
        "price": "120390000", 
        "type": "sell", 
        "amount": "0.00586711"
    }, 
    {
        "date": "1579262825", 
        "tid": "14382943", 
        "price": "120392000", 
        "type": "sell", 
        "amount": "0.00112200"
    }, 
    {
        "date": "1579262825", 
        "tid": "14382942", 
        "price": "120400000", 
        "type": "sell", 
        "amount": "0.00089903"
    }, 
    {
        "date": "1579262817", 
        "tid": "14382941", 
        "price": "120400000", 
        "type": "sell", 
        "amount": "0.02000000"
    }, 
    {
        "date": "1579262769", 
        "tid": "14382940", 
        "price": "120400000", 
        "type": "sell", 
        "amount": "0.01259074"
    }, 
    {
        "date": "1579262769", 
        "tid": "14382939", 
        "price": "120408000", 
        "type": "sell", 
        "amount": "0.00244472"
    }, 
    {
        "date": "1579262769", 
        "tid": "14382938", 
        "price": "120455000", 
        "type": "sell", 
        "amount": "0.01496454"
    }, 
    {
        "date": "1579262757", 
        "tid": "14382937", 
        "price": "120455000", 
        "type": "sell", 
        "amount": "0.04000000"
    }, 
    {
        "date": "1579262749", 
        "tid": "14382936", 
        "price": "120455000", 
        "type": "sell", 
        "amount": "0.07000000"
    }, 
    {
        "date": "1579262684", 
        "tid": "14382935", 
        "price": "120455000", 
        "type": "sell", 
        "amount": "0.08000000"
    }, 
    {
        "date": "1579262635", 
        "tid": "14382934", 
        "price": "120455000", 
        "type": "sell", 
        "amount": "0.14000000"
    }, 
    {
        "date": "1579262566", 
        "tid": "14382933", 
        "price": "120455000", 
        "type": "sell", 
        "amount": "0.01069548"
    }, 
    {
        "date": "1579262566", 
        "tid": "14382932", 
        "price": "120460000", 
        "type": "sell", 
        "amount": "0.01818020"
    }, 
    {
        "date": "1579262546", 
        "tid": "14382931", 
        "price": "120461000", 
        "type": "sell", 
        "amount": "0.55785261"
    }, 
    {
        "date": "1579262546", 
        "tid": "14382930", 
        "price": "120480000", 
        "type": "sell", 
        "amount": "0.00830013"
    }, 
    {
        "date": "1579262546", 
        "tid": "14382929", 
        "price": "120498000", 
        "type": "sell", 
        "amount": "0.00363294"
    }, 
    {
        "date": "1579262546", 
        "tid": "14382928", 
        "price": "120500000", 
        "type": "sell", 
        "amount": "0.21955940"
    }, 
    {
        "date": "1579262546", 
        "tid": "14382927", 
        "price": "120501000", 
        "type": "sell", 
        "amount": "0.00088495"
    }, 
    {
        "date": "1579262546", 
        "tid": "14382926", 
        "price": "120513000", 
        "type": "sell", 
        "amount": "0.04225758"
    }, 
    {
        "date": "1579262546", 
        "tid": "14382925", 
        "price": "120514000", 
        "type": "sell", 
        "amount": "0.00331911"
    }, 
    {
        "date": "1579262546", 
        "tid": "14382924", 
        "price": "120550000", 
        "type": "sell", 
        "amount": "0.20264496"
    }, 
    {
        "date": "1579262546", 
        "tid": "14382923", 
        "price": "120565000", 
        "type": "sell", 
        "amount": "0.00074470"
    }, 
    {
        "date": "1579262546", 
        "tid": "14382922", 
        "price": "120573000", 
        "type": "sell", 
        "amount": "0.03492367"
    }, 
    {
        "date": "1579262546", 
        "tid": "14382921", 
        "price": "120574000", 
        "type": "sell", 
        "amount": "0.18649343"
    }, 
    {
        "date": "1579262546", 
        "tid": "14382920", 
        "price": "120600000", 
        "type": "sell", 
        "amount": "0.01382412"
    }, 
    {
        "date": "1579262546", 
        "tid": "14382919", 
        "price": "120612000", 
        "type": "sell", 
        "amount": "0.00244472"
    }, 
    {
        "date": "1579262546", 
        "tid": "14382918", 
        "price": "120617000", 
        "type": "sell", 
        "amount": "0.00112200"
    }, 
    {
        "date": "1579262546", 
        "tid": "14382917", 
        "price": "120620000", 
        "type": "sell", 
        "amount": "0.12435748"
    }, 
    {
        "date": "1579262546", 
        "tid": "14382916", 
        "price": "120700000", 
        "type": "sell", 
        "amount": "0.01423389"
    }, 
    {
        "date": "1579262546", 
        "tid": "14382915", 
        "price": "120750000", 
        "type": "sell", 
        "amount": "0.23709894"
    }, 
    {
        "date": "1579262518", 
        "tid": "14382914", 
        "price": "120750000", 
        "type": "sell", 
        "amount": "0.00686841"
    }, 
    {
        "date": "1579262443", 
        "tid": "14382913", 
        "price": "120750000", 
        "type": "sell", 
        "amount": "0.00438642"
    }, 
    {
        "date": "1579262423", 
        "tid": "14382912", 
        "price": "120934000", 
        "type": "buy", 
        "amount": "0.00343785"
    }, 
    {
        "date": "1579262413", 
        "tid": "14382911", 
        "price": "120750000", 
        "type": "sell", 
        "amount": "0.00826578"
    }, 
    {
        "date": "1579262389", 
        "tid": "14382910", 
        "price": "120935000", 
        "type": "buy", 
        "amount": "0.00281077"
    }, 
    {
        "date": "1579262325", 
        "tid": "14382909", 
        "price": "120943000", 
        "type": "sell", 
        "amount": "0.09125325"
    }, 
    {
        "date": "1579262318", 
        "tid": "14382908", 
        "price": "120943000", 
        "type": "sell", 
        "amount": "0.00056527"
    }, 
    {
        "date": "1579262302", 
        "tid": "14382907", 
        "price": "120943000", 
        "type": "sell", 
        "amount": "0.00287776"
    }, 
    {
        "date": "1579262291", 
        "tid": "14382906", 
        "price": "120954000", 
        "type": "buy", 
        "amount": "0.00213015"
    }, 
    {
        "date": "1579262289", 
        "tid": "14382905", 
        "price": "120943000", 
        "type": "sell", 
        "amount": "0.06000000"
    }, 
    {
        "date": "1579262283", 
        "tid": "14382904", 
        "price": "120943000", 
        "type": "sell", 
        "amount": "0.11000000"
    }, 
    {
        "date": "1579262274", 
        "tid": "14382903", 
        "price": "120943000", 
        "type": "sell", 
        "amount": "0.18000000"
    }, 
    {
        "date": "1579262267", 
        "tid": "14382902", 
        "price": "120960000", 
        "type": "buy", 
        "amount": "0.01498916"
    }, 
    {
        "date": "1579262266", 
        "tid": "14382901", 
        "price": "120943000", 
        "type": "sell", 
        "amount": "0.30000000"
    }, 
    {
        "date": "1579262260", 
        "tid": "14382900", 
        "price": "120961000", 
        "type": "buy", 
        "amount": "0.00374689"
    }, 
    {
        "date": "1579262259", 
        "tid": "14382899", 
        "price": "120961000", 
        "type": "buy", 
        "amount": "0.01498904"
    }, 
    {
        "date": "1579262247", 
        "tid": "14382898", 
        "price": "120965000", 
        "type": "buy", 
        "amount": "0.01498854"
    }, 
    {
        "date": "1579262231", 
        "tid": "14382897", 
        "price": "120968000", 
        "type": "buy", 
        "amount": "0.19780655"
    }, 
    {
        "date": "1579262230", 
        "tid": "14382896", 
        "price": "120943000", 
        "type": "sell", 
        "amount": "0.47000000"
    }, 
    {
        "date": "1579262230", 
        "tid": "14382895", 
        "price": "120943000", 
        "type": "sell", 
        "amount": "0.01441766"
    }, 
    {
        "date": "1579262230", 
        "tid": "14382894", 
        "price": "120944000", 
        "type": "sell", 
        "amount": "0.00558234"
    }, 
    {
        "date": "1579262213", 
        "tid": "14382893", 
        "price": "120972000", 
        "type": "buy", 
        "amount": "0.01498767"
    }, 
    {
        "date": "1579262195", 
        "tid": "14382892", 
        "price": "120972000", 
        "type": "buy", 
        "amount": "0.01498767"
    }, 
    {
        "date": "1579262187", 
        "tid": "14382891", 
        "price": "120973000", 
        "type": "buy", 
        "amount": "0.02816083"
    }, 
    {
        "date": "1579262187", 
        "tid": "14382890", 
        "price": "120943000", 
        "type": "sell", 
        "amount": "0.82000000"
    }, 
    {
        "date": "1579262180", 
        "tid": "14382889", 
        "price": "120943000", 
        "type": "sell", 
        "amount": "0.00834174"
    }, 
    {
        "date": "1579262171", 
        "tid": "14382888", 
        "price": "120945000", 
        "type": "buy", 
        "amount": "0.01499102"
    }, 
    {
        "date": "1579262157", 
        "tid": "14382887", 
        "price": "120945000", 
        "type": "buy", 
        "amount": "0.01481731"
    }, 
    {
        "date": "1579262157", 
        "tid": "14382886", 
        "price": "120944000", 
        "type": "buy", 
        "amount": "0.00017372"
    }, 
    {
        "date": "1579262153", 
        "tid": "14382885", 
        "price": "120944000", 
        "type": "buy", 
        "amount": "0.10794928"
    }, 
    {
        "date": "1579262112", 
        "tid": "14382884", 
        "price": "120944000", 
        "type": "buy", 
        "amount": "0.01499114"
    }, 
    {
        "date": "1579262097", 
        "tid": "14382883", 
        "price": "120944000", 
        "type": "buy", 
        "amount": "0.01447131"
    }, 
    {
        "date": "1579262097", 
        "tid": "14382882", 
        "price": "120857000", 
        "type": "buy", 
        "amount": "0.00052022"
    }, 
    {
        "date": "1579262073", 
        "tid": "14382881", 
        "price": "120946000", 
        "type": "buy", 
        "amount": "0.00748372"
    }, 
    {
        "date": "1579262073", 
        "tid": "14382880", 
        "price": "120843000", 
        "type": "buy", 
        "amount": "0.00095935"
    }, 
    {
        "date": "1579262051", 
        "tid": "14382879", 
        "price": "120951000", 
        "type": "buy", 
        "amount": "0.04935510"
    }, 
    {
        "date": "1579262051", 
        "tid": "14382878", 
        "price": "120857000", 
        "type": "buy", 
        "amount": "0.01655155"
    }, 
    {
        "date": "1579262051", 
        "tid": "14382877", 
        "price": "120843000", 
        "type": "buy", 
        "amount": "0.00005093"
    }, 
    {
        "date": "1579262039", 
        "tid": "14382876", 
        "price": "120843000", 
        "type": "buy", 
        "amount": "0.00107107"
    }, 
    {
        "date": "1579262039", 
        "tid": "14382875", 
        "price": "120816000", 
        "type": "buy", 
        "amount": "0.00244472"
    }, 
    {
        "date": "1579262039", 
        "tid": "14382874", 
        "price": "120701000", 
        "type": "buy", 
        "amount": "0.00754897"
    }, 
    {
        "date": "1579262001", 
        "tid": "14382873", 
        "price": "120600000", 
        "type": "sell", 
        "amount": "0.02763525"
    }, 
    {
        "date": "1579262001", 
        "tid": "14382872", 
        "price": "120612000", 
        "type": "sell", 
        "amount": "0.00244472"
    }, 
    {
        "date": "1579262001", 
        "tid": "14382871", 
        "price": "120617000", 
        "type": "sell", 
        "amount": "0.00112200"
    }, 
    {
        "date": "1579262001", 
        "tid": "14382870", 
        "price": "120618000", 
        "type": "sell", 
        "amount": "0.00041453"
    }, 
    {
        "date": "1579262001", 
        "tid": "14382869", 
        "price": "120681000", 
        "type": "sell", 
        "amount": "0.00829651"
    }, 
    {
        "date": "1579262001", 
        "tid": "14382868", 
        "price": "120684000", 
        "type": "sell", 
        "amount": "0.00828610"
    }, 
    {
        "date": "1579262001", 
        "tid": "14382867", 
        "price": "120690000", 
        "type": "sell", 
        "amount": "0.00095935"
    }, 
    {
        "date": "1579262001", 
        "tid": "14382866", 
        "price": "120700000", 
        "type": "sell", 
        "amount": "0.03428513"
    }, 
    {
        "date": "1579262001", 
        "tid": "14382865", 
        "price": "120857000", 
        "type": "buy", 
        "amount": "0.01500193"
    }, 
    {
        "date": "1579261976", 
        "tid": "14382864", 
        "price": "120847000", 
        "type": "buy", 
        "amount": "0.00050326"
    }, 
    {
        "date": "1579261949", 
        "tid": "14382863", 
        "price": "120851000", 
        "type": "buy", 
        "amount": "0.01395966"
    }, 
    {
        "date": "1579261949", 
        "tid": "14382862", 
        "price": "120816000", 
        "type": "buy", 
        "amount": "0.00440140"
    }, 
    {
        "date": "1579261949", 
        "tid": "14382861", 
        "price": "120719000", 
        "type": "buy", 
        "amount": "0.01051462"
    }, 
    {
        "date": "1579261862", 
        "tid": "14382860", 
        "price": "120700000", 
        "type": "sell", 
        "amount": "0.03000000"
    }, 
    {
        "date": "1579261853", 
        "tid": "14382859", 
        "price": "120700000", 
        "type": "sell", 
        "amount": "0.00199490"
    }, 
    {
        "date": "1579261853", 
        "tid": "14382858", 
        "price": "120708000", 
        "type": "sell", 
        "amount": "0.00834985"
    }, 
    {
        "date": "1579261853", 
        "tid": "14382857", 
        "price": "120709000", 
        "type": "sell", 
        "amount": "0.00173856"
    }, 
    {
        "date": "1579261853", 
        "tid": "14382856", 
        "price": "120718000", 
        "type": "sell", 
        "amount": "0.02691669"
    }, 
    {
        "date": "1579261853", 
        "tid": "14382855", 
        "price": "120720000", 
        "type": "sell", 
        "amount": "0.00100000"
    }, 
    {
        "date": "1579261852", 
        "tid": "14382854", 
        "price": "120826000", 
        "type": "buy", 
        "amount": "0.00825160"
    }, 
    {
        "date": "1579261845", 
        "tid": "14382853", 
        "price": "120828000", 
        "type": "buy", 
        "amount": "0.00042082"
    }, 
    {
        "date": "1579261845", 
        "tid": "14382852", 
        "price": "120718000", 
        "type": "sell", 
        "amount": "0.09000000"
    }, 
    {
        "date": "1579261827", 
        "tid": "14382851", 
        "price": "120718000", 
        "type": "sell", 
        "amount": "0.05379950"
    }, 
    {
        "date": "1579261827", 
        "tid": "14382850", 
        "price": "120719000", 
        "type": "sell", 
        "amount": "0.01620050"
    }, 
    {
        "date": "1579261763", 
        "tid": "14382849", 
        "price": "120854000", 
        "type": "buy", 
        "amount": "0.00309443"
    }, 
    {
        "date": "1579261763", 
        "tid": "14382848", 
        "price": "120791000", 
        "type": "buy", 
        "amount": "0.00477802"
    }, 
    {
        "date": "1579261763", 
        "tid": "14382847", 
        "price": "120790000", 
        "type": "buy", 
        "amount": "0.00057904"
    }, 
    {
        "date": "1579261722", 
        "tid": "14382846", 
        "price": "120790000", 
        "type": "buy", 
        "amount": "0.00042096"
    }, 
    {
        "date": "1579261706", 
        "tid": "14382845", 
        "price": "120791000", 
        "type": "buy", 
        "amount": "0.02535923"
    }, 
    {
        "date": "1579261692", 
        "tid": "14382844", 
        "price": "120718000", 
        "type": "sell", 
        "amount": "0.08000000"
    }, 
    {
        "date": "1579261673", 
        "tid": "14382843", 
        "price": "120856000", 
        "type": "sell", 
        "amount": "0.00042198"
    }, 
    {
        "date": "1579261636", 
        "tid": "14382842", 
        "price": "120718000", 
        "type": "sell", 
        "amount": "0.00083765"
    }, 
    {
        "date": "1579261633", 
        "tid": "14382841", 
        "price": "120718000", 
        "type": "sell", 
        "amount": "0.00209368"
    }, 
    {
        "date": "1579261628", 
        "tid": "14382840", 
        "price": "120718000", 
        "type": "sell", 
        "amount": "0.15559131"
    }, 
    {
        "date": "1579261628", 
        "tid": "14382839", 
        "price": "120719000", 
        "type": "sell", 
        "amount": "0.00110869"
    }
]