[
    {
        "date": "1579396187", 
        "tid": "14388793", 
        "price": "122500000", 
        "type": "buy", 
        "amount": "0.14056000"
    }, 
    {
        "date": "1579396184", 
        "tid": "14388792", 
        "price": "122500000", 
        "type": "buy", 
        "amount": "0.02113095"
    }, 
    {
        "date": "1579396184", 
        "tid": "14388791", 
        "price": "122500000", 
        "type": "buy", 
        "amount": "0.05760684"
    }, 
    {
        "date": "1579396184", 
        "tid": "14388790", 
        "price": "122491000", 
        "type": "buy", 
        "amount": "0.00207385"
    }, 
    {
        "date": "1579396184", 
        "tid": "14388789", 
        "price": "122490000", 
        "type": "buy", 
        "amount": "0.00166293"
    }, 
    {
        "date": "1579396184", 
        "tid": "14388788", 
        "price": "122488000", 
        "type": "buy", 
        "amount": "0.00246938"
    }, 
    {
        "date": "1579396184", 
        "tid": "14388787", 
        "price": "122471000", 
        "type": "buy", 
        "amount": "0.00115351"
    }, 
    {
        "date": "1579396184", 
        "tid": "14388786", 
        "price": "122465000", 
        "type": "buy", 
        "amount": "0.00073072"
    }, 
    {
        "date": "1579396184", 
        "tid": "14388785", 
        "price": "122460000", 
        "type": "buy", 
        "amount": "0.00044034"
    }, 
    {
        "date": "1579396184", 
        "tid": "14388784", 
        "price": "122451000", 
        "type": "buy", 
        "amount": "0.00074470"
    }, 
    {
        "date": "1579396184", 
        "tid": "14388783", 
        "price": "122446000", 
        "type": "buy", 
        "amount": "0.00077960"
    }, 
    {
        "date": "1579396184", 
        "tid": "14388782", 
        "price": "122437000", 
        "type": "buy", 
        "amount": "0.01360000"
    }, 
    {
        "date": "1579396184", 
        "tid": "14388781", 
        "price": "122423000", 
        "type": "buy", 
        "amount": "0.00112200"
    }, 
    {
        "date": "1579396184", 
        "tid": "14388780", 
        "price": "122400000", 
        "type": "buy", 
        "amount": "0.00060000"
    }, 
    {
        "date": "1579396184", 
        "tid": "14388779", 
        "price": "122398000", 
        "type": "buy", 
        "amount": "0.03000000"
    }, 
    {
        "date": "1579396184", 
        "tid": "14388778", 
        "price": "122381000", 
        "type": "buy", 
        "amount": "0.01443918"
    }, 
    {
        "date": "1579396184", 
        "tid": "14388777", 
        "price": "122361000", 
        "type": "buy", 
        "amount": "0.00077960"
    }, 
    {
        "date": "1579396184", 
        "tid": "14388776", 
        "price": "122357000", 
        "type": "buy", 
        "amount": "0.00256592"
    }, 
    {
        "date": "1579396184", 
        "tid": "14388775", 
        "price": "122356000", 
        "type": "buy", 
        "amount": "0.00053671"
    }, 
    {
        "date": "1579396184", 
        "tid": "14388774", 
        "price": "122346000", 
        "type": "buy", 
        "amount": "0.00246508"
    }, 
    {
        "date": "1579396184", 
        "tid": "14388773", 
        "price": "122316000", 
        "type": "buy", 
        "amount": "0.14703253"
    }, 
    {
        "date": "1579396183", 
        "tid": "14388772", 
        "price": "122316000", 
        "type": "buy", 
        "amount": "0.19433106"
    }, 
    {
        "date": "1579396183", 
        "tid": "14388771", 
        "price": "122300000", 
        "type": "buy", 
        "amount": "0.00042735"
    }, 
    {
        "date": "1579396183", 
        "tid": "14388770", 
        "price": "122291000", 
        "type": "buy", 
        "amount": "0.00076830"
    }, 
    {
        "date": "1579396183", 
        "tid": "14388769", 
        "price": "122284000", 
        "type": "buy", 
        "amount": "0.00049570"
    }, 
    {
        "date": "1579396183", 
        "tid": "14388768", 
        "price": "122276000", 
        "type": "buy", 
        "amount": "0.00077960"
    }, 
    {
        "date": "1579396183", 
        "tid": "14388767", 
        "price": "122265000", 
        "type": "buy", 
        "amount": "0.00067890"
    }, 
    {
        "date": "1579396183", 
        "tid": "14388766", 
        "price": "122250000", 
        "type": "buy", 
        "amount": "0.00050472"
    }, 
    {
        "date": "1579396183", 
        "tid": "14388765", 
        "price": "122249000", 
        "type": "buy", 
        "amount": "0.00479728"
    }, 
    {
        "date": "1579396183", 
        "tid": "14388764", 
        "price": "122218000", 
        "type": "buy", 
        "amount": "0.00363393"
    }, 
    {
        "date": "1579396183", 
        "tid": "14388763", 
        "price": "122215000", 
        "type": "buy", 
        "amount": "0.00074470"
    }, 
    {
        "date": "1579396183", 
        "tid": "14388762", 
        "price": "122212000", 
        "type": "buy", 
        "amount": "0.00307093"
    }, 
    {
        "date": "1579396183", 
        "tid": "14388761", 
        "price": "122201000", 
        "type": "buy", 
        "amount": "0.00042000"
    }, 
    {
        "date": "1579396177", 
        "tid": "14388760", 
        "price": "122200000", 
        "type": "buy", 
        "amount": "0.42739984"
    }, 
    {
        "date": "1579396177", 
        "tid": "14388759", 
        "price": "122199000", 
        "type": "buy", 
        "amount": "0.00345167"
    }, 
    {
        "date": "1579396177", 
        "tid": "14388758", 
        "price": "122197000", 
        "type": "buy", 
        "amount": "0.00112200"
    }, 
    {
        "date": "1579396177", 
        "tid": "14388757", 
        "price": "122194000", 
        "type": "buy", 
        "amount": "0.00085388"
    }, 
    {
        "date": "1579396177", 
        "tid": "14388756", 
        "price": "122191000", 
        "type": "buy", 
        "amount": "0.00077960"
    }, 
    {
        "date": "1579396177", 
        "tid": "14388755", 
        "price": "122189000", 
        "type": "buy", 
        "amount": "0.00250359"
    }, 
    {
        "date": "1579396177", 
        "tid": "14388754", 
        "price": "122167000", 
        "type": "buy", 
        "amount": "0.00084854"
    }, 
    {
        "date": "1579396177", 
        "tid": "14388753", 
        "price": "122162000", 
        "type": "buy", 
        "amount": "0.00939130"
    }, 
    {
        "date": "1579396177", 
        "tid": "14388752", 
        "price": "122142000", 
        "type": "buy", 
        "amount": "0.00246508"
    }, 
    {
        "date": "1579396177", 
        "tid": "14388751", 
        "price": "122123000", 
        "type": "buy", 
        "amount": "0.04343180"
    }, 
    {
        "date": "1579396177", 
        "tid": "14388750", 
        "price": "122122000", 
        "type": "buy", 
        "amount": "0.00890117"
    }, 
    {
        "date": "1579396177", 
        "tid": "14388749", 
        "price": "122121000", 
        "type": "buy", 
        "amount": "0.00164079"
    }, 
    {
        "date": "1579396177", 
        "tid": "14388748", 
        "price": "122120000", 
        "type": "buy", 
        "amount": "0.00079887"
    }, 
    {
        "date": "1579396176", 
        "tid": "14388747", 
        "price": "122111000", 
        "type": "buy", 
        "amount": "0.01482716"
    }, 
    {
        "date": "1579396169", 
        "tid": "14388746", 
        "price": "122111000", 
        "type": "buy", 
        "amount": "0.03869435"
    }, 
    {
        "date": "1579396169", 
        "tid": "14388745", 
        "price": "122109000", 
        "type": "buy", 
        "amount": "0.00299481"
    }, 
    {
        "date": "1579396169", 
        "tid": "14388744", 
        "price": "122106000", 
        "type": "buy", 
        "amount": "0.00077960"
    }, 
    {
        "date": "1579396169", 
        "tid": "14388743", 
        "price": "122100000", 
        "type": "buy", 
        "amount": "0.01776486"
    }, 
    {
        "date": "1579396168", 
        "tid": "14388742", 
        "price": "122100000", 
        "type": "buy", 
        "amount": "0.01633514"
    }, 
    {
        "date": "1579396168", 
        "tid": "14388741", 
        "price": "122095000", 
        "type": "buy", 
        "amount": "0.00036502"
    }, 
    {
        "date": "1579396153", 
        "tid": "14388740", 
        "price": "122095000", 
        "type": "buy", 
        "amount": "0.00007532"
    }, 
    {
        "date": "1579396153", 
        "tid": "14388739", 
        "price": "122088000", 
        "type": "buy", 
        "amount": "0.00659404"
    }, 
    {
        "date": "1579396153", 
        "tid": "14388738", 
        "price": "122087000", 
        "type": "buy", 
        "amount": "0.00259180"
    }, 
    {
        "date": "1579396153", 
        "tid": "14388737", 
        "price": "122080000", 
        "type": "buy", 
        "amount": "0.00083892"
    }, 
    {
        "date": "1579396152", 
        "tid": "14388736", 
        "price": "122079000", 
        "type": "buy", 
        "amount": "0.00014483"
    }, 
    {
        "date": "1579396144", 
        "tid": "14388735", 
        "price": "122078000", 
        "type": "sell", 
        "amount": "0.04134939"
    }, 
    {
        "date": "1579396130", 
        "tid": "14388734", 
        "price": "122079000", 
        "type": "buy", 
        "amount": "0.01860016"
    }, 
    {
        "date": "1579396088", 
        "tid": "14388733", 
        "price": "122079000", 
        "type": "buy", 
        "amount": "0.00869554"
    }, 
    {
        "date": "1579396088", 
        "tid": "14388732", 
        "price": "122060000", 
        "type": "buy", 
        "amount": "0.00140518"
    }, 
    {
        "date": "1579396073", 
        "tid": "14388731", 
        "price": "122050000", 
        "type": "buy", 
        "amount": "0.00330181"
    }, 
    {
        "date": "1579396073", 
        "tid": "14388730", 
        "price": "122048000", 
        "type": "buy", 
        "amount": "0.00062504"
    }, 
    {
        "date": "1579396073", 
        "tid": "14388729", 
        "price": "122028000", 
        "type": "buy", 
        "amount": "0.00420551"
    }, 
    {
        "date": "1579396073", 
        "tid": "14388728", 
        "price": "122022000", 
        "type": "buy", 
        "amount": "0.00290803"
    }, 
    {
        "date": "1579396073", 
        "tid": "14388727", 
        "price": "122021000", 
        "type": "buy", 
        "amount": "0.00077960"
    }, 
    {
        "date": "1579396073", 
        "tid": "14388726", 
        "price": "122013000", 
        "type": "buy", 
        "amount": "0.00106579"
    }, 
    {
        "date": "1579396064", 
        "tid": "14388725", 
        "price": "122012000", 
        "type": "buy", 
        "amount": "0.03984220"
    }, 
    {
        "date": "1579396056", 
        "tid": "14388724", 
        "price": "122012000", 
        "type": "buy", 
        "amount": "0.00518142"
    }, 
    {
        "date": "1579396048", 
        "tid": "14388723", 
        "price": "122012000", 
        "type": "buy", 
        "amount": "0.01096083"
    }, 
    {
        "date": "1579396033", 
        "tid": "14388722", 
        "price": "122012000", 
        "type": "buy", 
        "amount": "0.00280197"
    }, 
    {
        "date": "1579396033", 
        "tid": "14388721", 
        "price": "122001000", 
        "type": "buy", 
        "amount": "0.00228615"
    }, 
    {
        "date": "1579396032", 
        "tid": "14388720", 
        "price": "122000000", 
        "type": "buy", 
        "amount": "0.36363676"
    }, 
    {
        "date": "1579396030", 
        "tid": "14388719", 
        "price": "122000000", 
        "type": "buy", 
        "amount": "0.00967871"
    }, 
    {
        "date": "1579396026", 
        "tid": "14388718", 
        "price": "122000000", 
        "type": "buy", 
        "amount": "0.00562080"
    }, 
    {
        "date": "1579396021", 
        "tid": "14388717", 
        "price": "122000000", 
        "type": "buy", 
        "amount": "0.02892785"
    }, 
    {
        "date": "1579396020", 
        "tid": "14388716", 
        "price": "122000000", 
        "type": "buy", 
        "amount": "2.04305121"
    }, 
    {
        "date": "1579396013", 
        "tid": "14388715", 
        "price": "121999000", 
        "type": "sell", 
        "amount": "0.04133325"
    }, 
    {
        "date": "1579396012", 
        "tid": "14388714", 
        "price": "122000000", 
        "type": "buy", 
        "amount": "0.50524900"
    }, 
    {
        "date": "1579396012", 
        "tid": "14388713", 
        "price": "122000000", 
        "type": "buy", 
        "amount": "0.01466584"
    }, 
    {
        "date": "1579396006", 
        "tid": "14388712", 
        "price": "121999000", 
        "type": "sell", 
        "amount": "0.00746005"
    }, 
    {
        "date": "1579396005", 
        "tid": "14388711", 
        "price": "122000000", 
        "type": "buy", 
        "amount": "1.02893702"
    }, 
    {
        "date": "1579396003", 
        "tid": "14388710", 
        "price": "122000000", 
        "type": "buy", 
        "amount": "0.59822501"
    }, 
    {
        "date": "1579396001", 
        "tid": "14388709", 
        "price": "122000000", 
        "type": "buy", 
        "amount": "0.00557302"
    }, 
    {
        "date": "1579395994", 
        "tid": "14388708", 
        "price": "122000000", 
        "type": "buy", 
        "amount": "0.59829364"
    }, 
    {
        "date": "1579395993", 
        "tid": "14388707", 
        "price": "122000000", 
        "type": "buy", 
        "amount": "0.02933168"
    }, 
    {
        "date": "1579395988", 
        "tid": "14388706", 
        "price": "122000000", 
        "type": "buy", 
        "amount": "0.00081722"
    }, 
    {
        "date": "1579395984", 
        "tid": "14388705", 
        "price": "122000000", 
        "type": "buy", 
        "amount": "0.33132000"
    }, 
    {
        "date": "1579395984", 
        "tid": "14388704", 
        "price": "122000000", 
        "type": "buy", 
        "amount": "2.20880001"
    }, 
    {
        "date": "1579395984", 
        "tid": "14388703", 
        "price": "122000000", 
        "type": "buy", 
        "amount": "0.15060001"
    }, 
    {
        "date": "1579395984", 
        "tid": "14388702", 
        "price": "122000000", 
        "type": "buy", 
        "amount": "0.11044000"
    }, 
    {
        "date": "1579395983", 
        "tid": "14388701", 
        "price": "122000000", 
        "type": "buy", 
        "amount": "0.13052000"
    }, 
    {
        "date": "1579395983", 
        "tid": "14388700", 
        "price": "122000000", 
        "type": "buy", 
        "amount": "0.56224000"
    }, 
    {
        "date": "1579395972", 
        "tid": "14388699", 
        "price": "122000000", 
        "type": "buy", 
        "amount": "0.00586633"
    }, 
    {
        "date": "1579395971", 
        "tid": "14388698", 
        "price": "122000000", 
        "type": "buy", 
        "amount": "0.00044190"
    }, 
    {
        "date": "1579395955", 
        "tid": "14388697", 
        "price": "122000000", 
        "type": "buy", 
        "amount": "0.00146659"
    }, 
    {
        "date": "1579395947", 
        "tid": "14388696", 
        "price": "122000000", 
        "type": "buy", 
        "amount": "0.01466584"
    }, 
    {
        "date": "1579395939", 
        "tid": "14388695", 
        "price": "122000000", 
        "type": "buy", 
        "amount": "0.00733292"
    }, 
    {
        "date": "1579395931", 
        "tid": "14388694", 
        "price": "122000000", 
        "type": "buy", 
        "amount": "0.00733292"
    }, 
    {
        "date": "1579395914", 
        "tid": "14388693", 
        "price": "122000000", 
        "type": "buy", 
        "amount": "0.00733292"
    }, 
    {
        "date": "1579395906", 
        "tid": "14388692", 
        "price": "122000000", 
        "type": "buy", 
        "amount": "0.01716928"
    }, 
    {
        "date": "1579395905", 
        "tid": "14388691", 
        "price": "121999000", 
        "type": "sell", 
        "amount": "0.07141200"
    }, 
    {
        "date": "1579395903", 
        "tid": "14388690", 
        "price": "121999000", 
        "type": "sell", 
        "amount": "0.00279074"
    }, 
    {
        "date": "1579395899", 
        "tid": "14388689", 
        "price": "121999000", 
        "type": "sell", 
        "amount": "0.02094798"
    }, 
    {
        "date": "1579395897", 
        "tid": "14388688", 
        "price": "122000000", 
        "type": "buy", 
        "amount": "0.00733292"
    }, 
    {
        "date": "1579395895", 
        "tid": "14388687", 
        "price": "121999000", 
        "type": "sell", 
        "amount": "0.00150000"
    }, 
    {
        "date": "1579395889", 
        "tid": "14388686", 
        "price": "121999000", 
        "type": "sell", 
        "amount": "0.00262316"
    }, 
    {
        "date": "1579395889", 
        "tid": "14388685", 
        "price": "121999000", 
        "type": "sell", 
        "amount": "0.00280223"
    }, 
    {
        "date": "1579395874", 
        "tid": "14388684", 
        "price": "122000000", 
        "type": "buy", 
        "amount": "0.00096713"
    }, 
    {
        "date": "1579395863", 
        "tid": "14388683", 
        "price": "121999000", 
        "type": "sell", 
        "amount": "0.00156210"
    }, 
    {
        "date": "1579395859", 
        "tid": "14388682", 
        "price": "121999000", 
        "type": "sell", 
        "amount": "0.00764609"
    }, 
    {
        "date": "1579395852", 
        "tid": "14388681", 
        "price": "122000000", 
        "type": "buy", 
        "amount": "0.00733292"
    }, 
    {
        "date": "1579395838", 
        "tid": "14388680", 
        "price": "122000000", 
        "type": "buy", 
        "amount": "0.00396600"
    }, 
    {
        "date": "1579395838", 
        "tid": "14388679", 
        "price": "121984000", 
        "type": "buy", 
        "amount": "0.00101919"
    }, 
    {
        "date": "1579395835", 
        "tid": "14388678", 
        "price": "122000000", 
        "type": "buy", 
        "amount": "0.05184446"
    }, 
    {
        "date": "1579395834", 
        "tid": "14388677", 
        "price": "122000000", 
        "type": "buy", 
        "amount": "0.00733292"
    }, 
    {
        "date": "1579395826", 
        "tid": "14388676", 
        "price": "122000000", 
        "type": "buy", 
        "amount": "0.00733292"
    }, 
    {
        "date": "1579395823", 
        "tid": "14388675", 
        "price": "122000000", 
        "type": "buy", 
        "amount": "0.20599757"
    }, 
    {
        "date": "1579395820", 
        "tid": "14388674", 
        "price": "121983000", 
        "type": "buy", 
        "amount": "0.00293211"
    }, 
    {
        "date": "1579395810", 
        "tid": "14388673", 
        "price": "121982000", 
        "type": "sell", 
        "amount": "0.01660356"
    }, 
    {
        "date": "1579395809", 
        "tid": "14388672", 
        "price": "122000000", 
        "type": "buy", 
        "amount": "0.00853787"
    }, 
    {
        "date": "1579395809", 
        "tid": "14388671", 
        "price": "121999000", 
        "type": "buy", 
        "amount": "0.00006611"
    }, 
    {
        "date": "1579395801", 
        "tid": "14388670", 
        "price": "121999000", 
        "type": "buy", 
        "amount": "0.00121051"
    }, 
    {
        "date": "1579395801", 
        "tid": "14388669", 
        "price": "121997000", 
        "type": "buy", 
        "amount": "0.01000000"
    }, 
    {
        "date": "1579395801", 
        "tid": "14388668", 
        "price": "121990000", 
        "type": "buy", 
        "amount": "0.00050504"
    }, 
    {
        "date": "1579395801", 
        "tid": "14388667", 
        "price": "121987000", 
        "type": "buy", 
        "amount": "0.00295094"
    }, 
    {
        "date": "1579395797", 
        "tid": "14388666", 
        "price": "121982000", 
        "type": "sell", 
        "amount": "0.00073455"
    }, 
    {
        "date": "1579395790", 
        "tid": "14388665", 
        "price": "121980000", 
        "type": "buy", 
        "amount": "0.00074470"
    }, 
    {
        "date": "1579395790", 
        "tid": "14388664", 
        "price": "121977000", 
        "type": "buy", 
        "amount": "0.00180273"
    }, 
    {
        "date": "1579395790", 
        "tid": "14388663", 
        "price": "121973000", 
        "type": "buy", 
        "amount": "0.00092323"
    }, 
    {
        "date": "1579395790", 
        "tid": "14388662", 
        "price": "121971000", 
        "type": "buy", 
        "amount": "0.00112200"
    }, 
    {
        "date": "1579395790", 
        "tid": "14388661", 
        "price": "121970000", 
        "type": "buy", 
        "amount": "0.00042588"
    }, 
    {
        "date": "1579395790", 
        "tid": "14388660", 
        "price": "121956000", 
        "type": "buy", 
        "amount": "0.00083399"
    }, 
    {
        "date": "1579395790", 
        "tid": "14388659", 
        "price": "121951000", 
        "type": "buy", 
        "amount": "0.24898688"
    }, 
    {
        "date": "1579395788", 
        "tid": "14388658", 
        "price": "121951000", 
        "type": "buy", 
        "amount": "0.01075843"
    }, 
    {
        "date": "1579395777", 
        "tid": "14388657", 
        "price": "121951000", 
        "type": "buy", 
        "amount": "0.01467173"
    }, 
    {
        "date": "1579395773", 
        "tid": "14388656", 
        "price": "121951000", 
        "type": "buy", 
        "amount": "0.01591169"
    }, 
    {
        "date": "1579395773", 
        "tid": "14388655", 
        "price": "121947000", 
        "type": "buy", 
        "amount": "0.00090131"
    }, 
    {
        "date": "1579395773", 
        "tid": "14388654", 
        "price": "121946000", 
        "type": "buy", 
        "amount": "0.00067890"
    }, 
    {
        "date": "1579395773", 
        "tid": "14388653", 
        "price": "121940000", 
        "type": "buy", 
        "amount": "0.00501985"
    }, 
    {
        "date": "1579395773", 
        "tid": "14388652", 
        "price": "121938000", 
        "type": "buy", 
        "amount": "0.00246508"
    }, 
    {
        "date": "1579395773", 
        "tid": "14388651", 
        "price": "121936000", 
        "type": "buy", 
        "amount": "0.00077960"
    }, 
    {
        "date": "1579395773", 
        "tid": "14388650", 
        "price": "121927000", 
        "type": "buy", 
        "amount": "0.00116057"
    }, 
    {
        "date": "1579395773", 
        "tid": "14388649", 
        "price": "121925000", 
        "type": "buy", 
        "amount": "0.00331054"
    }, 
    {
        "date": "1579395773", 
        "tid": "14388648", 
        "price": "121915000", 
        "type": "buy", 
        "amount": "0.80706067"
    }, 
    {
        "date": "1579395773", 
        "tid": "14388647", 
        "price": "121907000", 
        "type": "buy", 
        "amount": "0.01974369"
    }, 
    {
        "date": "1579395773", 
        "tid": "14388646", 
        "price": "121906000", 
        "type": "buy", 
        "amount": "0.24761469"
    }, 
    {
        "date": "1579395773", 
        "tid": "14388645", 
        "price": "121905000", 
        "type": "buy", 
        "amount": "0.33099975"
    }, 
    {
        "date": "1579395770", 
        "tid": "14388644", 
        "price": "121905000", 
        "type": "buy", 
        "amount": "0.57328016"
    }
]