[
    {
        "date": "1579396398", 
        "tid": "14388875", 
        "price": "122900000", 
        "type": "buy", 
        "amount": "0.22224300"
    }, 
    {
        "date": "1579396393", 
        "tid": "14388874", 
        "price": "122900000", 
        "type": "buy", 
        "amount": "0.02358467"
    }, 
    {
        "date": "1579396385", 
        "tid": "14388873", 
        "price": "122852000", 
        "type": "sell", 
        "amount": "0.00100000"
    }, 
    {
        "date": "1579396369", 
        "tid": "14388872", 
        "price": "122900000", 
        "type": "buy", 
        "amount": "0.00405618"
    }, 
    {
        "date": "1579396359", 
        "tid": "14388871", 
        "price": "122900000", 
        "type": "buy", 
        "amount": "0.00708684"
    }, 
    {
        "date": "1579396359", 
        "tid": "14388870", 
        "price": "122873000", 
        "type": "buy", 
        "amount": "0.00163788"
    }, 
    {
        "date": "1579396343", 
        "tid": "14388869", 
        "price": "122851000", 
        "type": "sell", 
        "amount": "0.03906325"
    }, 
    {
        "date": "1579396343", 
        "tid": "14388868", 
        "price": "122870000", 
        "type": "sell", 
        "amount": "0.01800860"
    }, 
    {
        "date": "1579396343", 
        "tid": "14388867", 
        "price": "122871000", 
        "type": "sell", 
        "amount": "0.02831949"
    }, 
    {
        "date": "1579396343", 
        "tid": "14388866", 
        "price": "122872000", 
        "type": "sell", 
        "amount": "0.00166181"
    }, 
    {
        "date": "1579396341", 
        "tid": "14388865", 
        "price": "122900000", 
        "type": "buy", 
        "amount": "0.01691111"
    }, 
    {
        "date": "1579396337", 
        "tid": "14388864", 
        "price": "122900000", 
        "type": "buy", 
        "amount": "0.01255672"
    }, 
    {
        "date": "1579396324", 
        "tid": "14388863", 
        "price": "122900000", 
        "type": "buy", 
        "amount": "0.03407191"
    }, 
    {
        "date": "1579396321", 
        "tid": "14388862", 
        "price": "122900000", 
        "type": "buy", 
        "amount": "0.12313111"
    }, 
    {
        "date": "1579396321", 
        "tid": "14388861", 
        "price": "122889000", 
        "type": "buy", 
        "amount": "0.07890554"
    }, 
    {
        "date": "1579396321", 
        "tid": "14388860", 
        "price": "122872000", 
        "type": "buy", 
        "amount": "0.00077960"
    }, 
    {
        "date": "1579396309", 
        "tid": "14388859", 
        "price": "122866000", 
        "type": "buy", 
        "amount": "0.00387195"
    }, 
    {
        "date": "1579396309", 
        "tid": "14388858", 
        "price": "122865000", 
        "type": "buy", 
        "amount": "0.00147830"
    }, 
    {
        "date": "1579396309", 
        "tid": "14388857", 
        "price": "122864000", 
        "type": "buy", 
        "amount": "0.00084475"
    }, 
    {
        "date": "1579396301", 
        "tid": "14388856", 
        "price": "122850000", 
        "type": "buy", 
        "amount": "0.00865653"
    }, 
    {
        "date": "1579396298", 
        "tid": "14388855", 
        "price": "122850000", 
        "type": "buy", 
        "amount": "0.01190556"
    }, 
    {
        "date": "1579396298", 
        "tid": "14388854", 
        "price": "122850000", 
        "type": "buy", 
        "amount": "0.02466308"
    }, 
    {
        "date": "1579396294", 
        "tid": "14388853", 
        "price": "122850000", 
        "type": "buy", 
        "amount": "0.01173241"
    }, 
    {
        "date": "1579396286", 
        "tid": "14388852", 
        "price": "122850000", 
        "type": "buy", 
        "amount": "0.01583875"
    }, 
    {
        "date": "1579396282", 
        "tid": "14388851", 
        "price": "122845000", 
        "type": "sell", 
        "amount": "0.00150000"
    }, 
    {
        "date": "1579396273", 
        "tid": "14388850", 
        "price": "122801000", 
        "type": "sell", 
        "amount": "0.00809647"
    }, 
    {
        "date": "1579396267", 
        "tid": "14388849", 
        "price": "122850000", 
        "type": "buy", 
        "amount": "0.00721013"
    }, 
    {
        "date": "1579396261", 
        "tid": "14388848", 
        "price": "122850000", 
        "type": "buy", 
        "amount": "0.00879931"
    }, 
    {
        "date": "1579396236", 
        "tid": "14388847", 
        "price": "122750000", 
        "type": "sell", 
        "amount": "0.00162052"
    }, 
    {
        "date": "1579396236", 
        "tid": "14388846", 
        "price": "122751000", 
        "type": "sell", 
        "amount": "0.00291104"
    }, 
    {
        "date": "1579396236", 
        "tid": "14388845", 
        "price": "122752000", 
        "type": "sell", 
        "amount": "0.00166344"
    }, 
    {
        "date": "1579396236", 
        "tid": "14388844", 
        "price": "122787000", 
        "type": "sell", 
        "amount": "0.00077959"
    }, 
    {
        "date": "1579396224", 
        "tid": "14388843", 
        "price": "122605000", 
        "type": "sell", 
        "amount": "0.00082701"
    }, 
    {
        "date": "1579396223", 
        "tid": "14388842", 
        "price": "122865000", 
        "type": "buy", 
        "amount": "0.00080007"
    }, 
    {
        "date": "1579396218", 
        "tid": "14388841", 
        "price": "122889000", 
        "type": "buy", 
        "amount": "0.12169628"
    }, 
    {
        "date": "1579396203", 
        "tid": "14388840", 
        "price": "122889000", 
        "type": "buy", 
        "amount": "0.30419546"
    }, 
    {
        "date": "1579396203", 
        "tid": "14388839", 
        "price": "122883000", 
        "type": "buy", 
        "amount": "0.00076830"
    }, 
    {
        "date": "1579396203", 
        "tid": "14388838", 
        "price": "122872000", 
        "type": "buy", 
        "amount": "0.00077960"
    }, 
    {
        "date": "1579396203", 
        "tid": "14388837", 
        "price": "122863000", 
        "type": "buy", 
        "amount": "0.00326903"
    }, 
    {
        "date": "1579396203", 
        "tid": "14388836", 
        "price": "122862000", 
        "type": "buy", 
        "amount": "0.01223609"
    }, 
    {
        "date": "1579396203", 
        "tid": "14388835", 
        "price": "122854000", 
        "type": "buy", 
        "amount": "0.00256592"
    }, 
    {
        "date": "1579396203", 
        "tid": "14388834", 
        "price": "122826000", 
        "type": "buy", 
        "amount": "0.00044034"
    }, 
    {
        "date": "1579396203", 
        "tid": "14388833", 
        "price": "122813000", 
        "type": "buy", 
        "amount": "0.05857740"
    }, 
    {
        "date": "1579396203", 
        "tid": "14388832", 
        "price": "122795000", 
        "type": "buy", 
        "amount": "0.00501985"
    }, 
    {
        "date": "1579396203", 
        "tid": "14388831", 
        "price": "122787000", 
        "type": "buy", 
        "amount": "0.00077960"
    }, 
    {
        "date": "1579396203", 
        "tid": "14388830", 
        "price": "122785000", 
        "type": "buy", 
        "amount": "0.00091051"
    }, 
    {
        "date": "1579396203", 
        "tid": "14388829", 
        "price": "122780000", 
        "type": "buy", 
        "amount": "0.12531328"
    }, 
    {
        "date": "1579396203", 
        "tid": "14388828", 
        "price": "122755000", 
        "type": "buy", 
        "amount": "0.00246508"
    }, 
    {
        "date": "1579396203", 
        "tid": "14388827", 
        "price": "122750000", 
        "type": "buy", 
        "amount": "0.00835600"
    }, 
    {
        "date": "1579396203", 
        "tid": "14388826", 
        "price": "122727000", 
        "type": "buy", 
        "amount": "0.00243415"
    }, 
    {
        "date": "1579396203", 
        "tid": "14388825", 
        "price": "122711000", 
        "type": "buy", 
        "amount": "0.00068013"
    }, 
    {
        "date": "1579396203", 
        "tid": "14388824", 
        "price": "122702000", 
        "type": "buy", 
        "amount": "0.00077960"
    }, 
    {
        "date": "1579396203", 
        "tid": "14388823", 
        "price": "122687000", 
        "type": "buy", 
        "amount": "0.00074470"
    }, 
    {
        "date": "1579396203", 
        "tid": "14388822", 
        "price": "122678000", 
        "type": "buy", 
        "amount": "0.15000000"
    }, 
    {
        "date": "1579396203", 
        "tid": "14388821", 
        "price": "122665000", 
        "type": "buy", 
        "amount": "0.00839672"
    }, 
    {
        "date": "1579396203", 
        "tid": "14388820", 
        "price": "122660000", 
        "type": "buy", 
        "amount": "0.00043415"
    }, 
    {
        "date": "1579396203", 
        "tid": "14388819", 
        "price": "122651000", 
        "type": "buy", 
        "amount": "0.00896358"
    }, 
    {
        "date": "1579396203", 
        "tid": "14388818", 
        "price": "122633000", 
        "type": "buy", 
        "amount": "0.00392432"
    }, 
    {
        "date": "1579396203", 
        "tid": "14388817", 
        "price": "122631000", 
        "type": "buy", 
        "amount": "0.00202562"
    }, 
    {
        "date": "1579396203", 
        "tid": "14388816", 
        "price": "122629000", 
        "type": "buy", 
        "amount": "0.00051077"
    }, 
    {
        "date": "1579396203", 
        "tid": "14388815", 
        "price": "122617000", 
        "type": "buy", 
        "amount": "0.00077960"
    }, 
    {
        "date": "1579396203", 
        "tid": "14388814", 
        "price": "122612000", 
        "type": "buy", 
        "amount": "0.00133139"
    }, 
    {
        "date": "1579396203", 
        "tid": "14388813", 
        "price": "122606000", 
        "type": "buy", 
        "amount": "0.00256592"
    }, 
    {
        "date": "1579396203", 
        "tid": "14388812", 
        "price": "122602000", 
        "type": "buy", 
        "amount": "0.00813037"
    }, 
    {
        "date": "1579396203", 
        "tid": "14388811", 
        "price": "122600000", 
        "type": "buy", 
        "amount": "0.00042000"
    }, 
    {
        "date": "1579396203", 
        "tid": "14388810", 
        "price": "122596000", 
        "type": "buy", 
        "amount": "0.00081896"
    }, 
    {
        "date": "1579396203", 
        "tid": "14388809", 
        "price": "122591000", 
        "type": "buy", 
        "amount": "0.01967687"
    }, 
    {
        "date": "1579396203", 
        "tid": "14388808", 
        "price": "122584000", 
        "type": "buy", 
        "amount": "0.00067890"
    }, 
    {
        "date": "1579396203", 
        "tid": "14388807", 
        "price": "122578000", 
        "type": "buy", 
        "amount": "0.00803571"
    }, 
    {
        "date": "1579396203", 
        "tid": "14388806", 
        "price": "122567000", 
        "type": "buy", 
        "amount": "0.04893300"
    }, 
    {
        "date": "1579396203", 
        "tid": "14388805", 
        "price": "122551000", 
        "type": "buy", 
        "amount": "0.00833219"
    }, 
    {
        "date": "1579396203", 
        "tid": "14388804", 
        "price": "122531000", 
        "type": "buy", 
        "amount": "0.00132241"
    }, 
    {
        "date": "1579396203", 
        "tid": "14388803", 
        "price": "122520000", 
        "type": "buy", 
        "amount": "0.00048112"
    }, 
    {
        "date": "1579396203", 
        "tid": "14388802", 
        "price": "122519000", 
        "type": "buy", 
        "amount": "0.01817944"
    }, 
    {
        "date": "1579396203", 
        "tid": "14388801", 
        "price": "122512000", 
        "type": "buy", 
        "amount": "0.00305570"
    }, 
    {
        "date": "1579396203", 
        "tid": "14388800", 
        "price": "122511000", 
        "type": "buy", 
        "amount": "0.00459562"
    }, 
    {
        "date": "1579396203", 
        "tid": "14388799", 
        "price": "122509000", 
        "type": "buy", 
        "amount": "0.00202199"
    }, 
    {
        "date": "1579396203", 
        "tid": "14388798", 
        "price": "122508000", 
        "type": "buy", 
        "amount": "0.00256598"
    }, 
    {
        "date": "1579396203", 
        "tid": "14388797", 
        "price": "122507000", 
        "type": "buy", 
        "amount": "0.01881376"
    }, 
    {
        "date": "1579396203", 
        "tid": "14388796", 
        "price": "122501000", 
        "type": "buy", 
        "amount": "0.01122123"
    }, 
    {
        "date": "1579396203", 
        "tid": "14388795", 
        "price": "122500000", 
        "type": "buy", 
        "amount": "0.13272519"
    }, 
    {
        "date": "1579396192", 
        "tid": "14388794", 
        "price": "122500000", 
        "type": "buy", 
        "amount": "0.01066516"
    }, 
    {
        "date": "1579396187", 
        "tid": "14388793", 
        "price": "122500000", 
        "type": "buy", 
        "amount": "0.14056000"
    }, 
    {
        "date": "1579396184", 
        "tid": "14388792", 
        "price": "122500000", 
        "type": "buy", 
        "amount": "0.02113095"
    }, 
    {
        "date": "1579396184", 
        "tid": "14388791", 
        "price": "122500000", 
        "type": "buy", 
        "amount": "0.05760684"
    }, 
    {
        "date": "1579396184", 
        "tid": "14388790", 
        "price": "122491000", 
        "type": "buy", 
        "amount": "0.00207385"
    }, 
    {
        "date": "1579396184", 
        "tid": "14388789", 
        "price": "122490000", 
        "type": "buy", 
        "amount": "0.00166293"
    }, 
    {
        "date": "1579396184", 
        "tid": "14388788", 
        "price": "122488000", 
        "type": "buy", 
        "amount": "0.00246938"
    }, 
    {
        "date": "1579396184", 
        "tid": "14388787", 
        "price": "122471000", 
        "type": "buy", 
        "amount": "0.00115351"
    }, 
    {
        "date": "1579396184", 
        "tid": "14388786", 
        "price": "122465000", 
        "type": "buy", 
        "amount": "0.00073072"
    }, 
    {
        "date": "1579396184", 
        "tid": "14388785", 
        "price": "122460000", 
        "type": "buy", 
        "amount": "0.00044034"
    }, 
    {
        "date": "1579396184", 
        "tid": "14388784", 
        "price": "122451000", 
        "type": "buy", 
        "amount": "0.00074470"
    }, 
    {
        "date": "1579396184", 
        "tid": "14388783", 
        "price": "122446000", 
        "type": "buy", 
        "amount": "0.00077960"
    }, 
    {
        "date": "1579396184", 
        "tid": "14388782", 
        "price": "122437000", 
        "type": "buy", 
        "amount": "0.01360000"
    }, 
    {
        "date": "1579396184", 
        "tid": "14388781", 
        "price": "122423000", 
        "type": "buy", 
        "amount": "0.00112200"
    }, 
    {
        "date": "1579396184", 
        "tid": "14388780", 
        "price": "122400000", 
        "type": "buy", 
        "amount": "0.00060000"
    }, 
    {
        "date": "1579396184", 
        "tid": "14388779", 
        "price": "122398000", 
        "type": "buy", 
        "amount": "0.03000000"
    }, 
    {
        "date": "1579396184", 
        "tid": "14388778", 
        "price": "122381000", 
        "type": "buy", 
        "amount": "0.01443918"
    }, 
    {
        "date": "1579396184", 
        "tid": "14388777", 
        "price": "122361000", 
        "type": "buy", 
        "amount": "0.00077960"
    }, 
    {
        "date": "1579396184", 
        "tid": "14388776", 
        "price": "122357000", 
        "type": "buy", 
        "amount": "0.00256592"
    }, 
    {
        "date": "1579396184", 
        "tid": "14388775", 
        "price": "122356000", 
        "type": "buy", 
        "amount": "0.00053671"
    }, 
    {
        "date": "1579396184", 
        "tid": "14388774", 
        "price": "122346000", 
        "type": "buy", 
        "amount": "0.00246508"
    }, 
    {
        "date": "1579396184", 
        "tid": "14388773", 
        "price": "122316000", 
        "type": "buy", 
        "amount": "0.14703253"
    }, 
    {
        "date": "1579396183", 
        "tid": "14388772", 
        "price": "122316000", 
        "type": "buy", 
        "amount": "0.19433106"
    }, 
    {
        "date": "1579396183", 
        "tid": "14388771", 
        "price": "122300000", 
        "type": "buy", 
        "amount": "0.00042735"
    }, 
    {
        "date": "1579396183", 
        "tid": "14388770", 
        "price": "122291000", 
        "type": "buy", 
        "amount": "0.00076830"
    }, 
    {
        "date": "1579396183", 
        "tid": "14388769", 
        "price": "122284000", 
        "type": "buy", 
        "amount": "0.00049570"
    }, 
    {
        "date": "1579396183", 
        "tid": "14388768", 
        "price": "122276000", 
        "type": "buy", 
        "amount": "0.00077960"
    }, 
    {
        "date": "1579396183", 
        "tid": "14388767", 
        "price": "122265000", 
        "type": "buy", 
        "amount": "0.00067890"
    }, 
    {
        "date": "1579396183", 
        "tid": "14388766", 
        "price": "122250000", 
        "type": "buy", 
        "amount": "0.00050472"
    }, 
    {
        "date": "1579396183", 
        "tid": "14388765", 
        "price": "122249000", 
        "type": "buy", 
        "amount": "0.00479728"
    }, 
    {
        "date": "1579396183", 
        "tid": "14388764", 
        "price": "122218000", 
        "type": "buy", 
        "amount": "0.00363393"
    }, 
    {
        "date": "1579396183", 
        "tid": "14388763", 
        "price": "122215000", 
        "type": "buy", 
        "amount": "0.00074470"
    }, 
    {
        "date": "1579396183", 
        "tid": "14388762", 
        "price": "122212000", 
        "type": "buy", 
        "amount": "0.00307093"
    }, 
    {
        "date": "1579396183", 
        "tid": "14388761", 
        "price": "122201000", 
        "type": "buy", 
        "amount": "0.00042000"
    }, 
    {
        "date": "1579396177", 
        "tid": "14388760", 
        "price": "122200000", 
        "type": "buy", 
        "amount": "0.42739984"
    }, 
    {
        "date": "1579396177", 
        "tid": "14388759", 
        "price": "122199000", 
        "type": "buy", 
        "amount": "0.00345167"
    }, 
    {
        "date": "1579396177", 
        "tid": "14388758", 
        "price": "122197000", 
        "type": "buy", 
        "amount": "0.00112200"
    }, 
    {
        "date": "1579396177", 
        "tid": "14388757", 
        "price": "122194000", 
        "type": "buy", 
        "amount": "0.00085388"
    }, 
    {
        "date": "1579396177", 
        "tid": "14388756", 
        "price": "122191000", 
        "type": "buy", 
        "amount": "0.00077960"
    }, 
    {
        "date": "1579396177", 
        "tid": "14388755", 
        "price": "122189000", 
        "type": "buy", 
        "amount": "0.00250359"
    }, 
    {
        "date": "1579396177", 
        "tid": "14388754", 
        "price": "122167000", 
        "type": "buy", 
        "amount": "0.00084854"
    }, 
    {
        "date": "1579396177", 
        "tid": "14388753", 
        "price": "122162000", 
        "type": "buy", 
        "amount": "0.00939130"
    }, 
    {
        "date": "1579396177", 
        "tid": "14388752", 
        "price": "122142000", 
        "type": "buy", 
        "amount": "0.00246508"
    }, 
    {
        "date": "1579396177", 
        "tid": "14388751", 
        "price": "122123000", 
        "type": "buy", 
        "amount": "0.04343180"
    }, 
    {
        "date": "1579396177", 
        "tid": "14388750", 
        "price": "122122000", 
        "type": "buy", 
        "amount": "0.00890117"
    }, 
    {
        "date": "1579396177", 
        "tid": "14388749", 
        "price": "122121000", 
        "type": "buy", 
        "amount": "0.00164079"
    }, 
    {
        "date": "1579396177", 
        "tid": "14388748", 
        "price": "122120000", 
        "type": "buy", 
        "amount": "0.00079887"
    }, 
    {
        "date": "1579396176", 
        "tid": "14388747", 
        "price": "122111000", 
        "type": "buy", 
        "amount": "0.01482716"
    }, 
    {
        "date": "1579396169", 
        "tid": "14388746", 
        "price": "122111000", 
        "type": "buy", 
        "amount": "0.03869435"
    }, 
    {
        "date": "1579396169", 
        "tid": "14388745", 
        "price": "122109000", 
        "type": "buy", 
        "amount": "0.00299481"
    }, 
    {
        "date": "1579396169", 
        "tid": "14388744", 
        "price": "122106000", 
        "type": "buy", 
        "amount": "0.00077960"
    }, 
    {
        "date": "1579396169", 
        "tid": "14388743", 
        "price": "122100000", 
        "type": "buy", 
        "amount": "0.01776486"
    }, 
    {
        "date": "1579396168", 
        "tid": "14388742", 
        "price": "122100000", 
        "type": "buy", 
        "amount": "0.01633514"
    }, 
    {
        "date": "1579396168", 
        "tid": "14388741", 
        "price": "122095000", 
        "type": "buy", 
        "amount": "0.00036502"
    }, 
    {
        "date": "1579396153", 
        "tid": "14388740", 
        "price": "122095000", 
        "type": "buy", 
        "amount": "0.00007532"
    }, 
    {
        "date": "1579396153", 
        "tid": "14388739", 
        "price": "122088000", 
        "type": "buy", 
        "amount": "0.00659404"
    }, 
    {
        "date": "1579396153", 
        "tid": "14388738", 
        "price": "122087000", 
        "type": "buy", 
        "amount": "0.00259180"
    }, 
    {
        "date": "1579396153", 
        "tid": "14388737", 
        "price": "122080000", 
        "type": "buy", 
        "amount": "0.00083892"
    }, 
    {
        "date": "1579396152", 
        "tid": "14388736", 
        "price": "122079000", 
        "type": "buy", 
        "amount": "0.00014483"
    }, 
    {
        "date": "1579396144", 
        "tid": "14388735", 
        "price": "122078000", 
        "type": "sell", 
        "amount": "0.04134939"
    }, 
    {
        "date": "1579396130", 
        "tid": "14388734", 
        "price": "122079000", 
        "type": "buy", 
        "amount": "0.01860016"
    }, 
    {
        "date": "1579396088", 
        "tid": "14388733", 
        "price": "122079000", 
        "type": "buy", 
        "amount": "0.00869554"
    }, 
    {
        "date": "1579396088", 
        "tid": "14388732", 
        "price": "122060000", 
        "type": "buy", 
        "amount": "0.00140518"
    }, 
    {
        "date": "1579396073", 
        "tid": "14388731", 
        "price": "122050000", 
        "type": "buy", 
        "amount": "0.00330181"
    }, 
    {
        "date": "1579396073", 
        "tid": "14388730", 
        "price": "122048000", 
        "type": "buy", 
        "amount": "0.00062504"
    }, 
    {
        "date": "1579396073", 
        "tid": "14388729", 
        "price": "122028000", 
        "type": "buy", 
        "amount": "0.00420551"
    }, 
    {
        "date": "1579396073", 
        "tid": "14388728", 
        "price": "122022000", 
        "type": "buy", 
        "amount": "0.00290803"
    }, 
    {
        "date": "1579396073", 
        "tid": "14388727", 
        "price": "122021000", 
        "type": "buy", 
        "amount": "0.00077960"
    }, 
    {
        "date": "1579396073", 
        "tid": "14388726", 
        "price": "122013000", 
        "type": "buy", 
        "amount": "0.00106579"
    }
]