[
    {
        "date": "1579310925", 
        "tid": "14384980", 
        "price": "121158000", 
        "type": "sell", 
        "amount": "0.03028815"
    }, 
    {
        "date": "1579310908", 
        "tid": "14384979", 
        "price": "121158000", 
        "type": "sell", 
        "amount": "0.02532108"
    }, 
    {
        "date": "1579310900", 
        "tid": "14384978", 
        "price": "121158000", 
        "type": "sell", 
        "amount": "0.01498755"
    }, 
    {
        "date": "1579310878", 
        "tid": "14384977", 
        "price": "121158000", 
        "type": "sell", 
        "amount": "0.00749377"
    }, 
    {
        "date": "1579310839", 
        "tid": "14384976", 
        "price": "121158000", 
        "type": "sell", 
        "amount": "0.01637806"
    }, 
    {
        "date": "1579310719", 
        "tid": "14384975", 
        "price": "121158000", 
        "type": "sell", 
        "amount": "0.00050040"
    }, 
    {
        "date": "1579310706", 
        "tid": "14384974", 
        "price": "121158000", 
        "type": "sell", 
        "amount": "0.01000000"
    }, 
    {
        "date": "1579310559", 
        "tid": "14384973", 
        "price": "121159000", 
        "type": "buy", 
        "amount": "0.00822893"
    }, 
    {
        "date": "1579310494", 
        "tid": "14384972", 
        "price": "121165000", 
        "type": "buy", 
        "amount": "0.01602707"
    }, 
    {
        "date": "1579310494", 
        "tid": "14384971", 
        "price": "121159000", 
        "type": "buy", 
        "amount": "0.00649524"
    }, 
    {
        "date": "1579310431", 
        "tid": "14384970", 
        "price": "121158000", 
        "type": "sell", 
        "amount": "0.00031973"
    }, 
    {
        "date": "1579310431", 
        "tid": "14384969", 
        "price": "121165000", 
        "type": "sell", 
        "amount": "0.00047361"
    }, 
    {
        "date": "1579310369", 
        "tid": "14384968", 
        "price": "121165000", 
        "type": "sell", 
        "amount": "0.00690693"
    }, 
    {
        "date": "1579310369", 
        "tid": "14384967", 
        "price": "121166000", 
        "type": "sell", 
        "amount": "0.00083842"
    }, 
    {
        "date": "1579310366", 
        "tid": "14384966", 
        "price": "121170000", 
        "type": "buy", 
        "amount": "0.08228183"
    }, 
    {
        "date": "1579310352", 
        "tid": "14384965", 
        "price": "121165000", 
        "type": "buy", 
        "amount": "0.00835350"
    }, 
    {
        "date": "1579310334", 
        "tid": "14384964", 
        "price": "121166000", 
        "type": "buy", 
        "amount": "0.00348722"
    }, 
    {
        "date": "1579310319", 
        "tid": "14384963", 
        "price": "121166000", 
        "type": "sell", 
        "amount": "0.15000000"
    }, 
    {
        "date": "1579310318", 
        "tid": "14384962", 
        "price": "121169000", 
        "type": "buy", 
        "amount": "0.00050438"
    }, 
    {
        "date": "1579310317", 
        "tid": "14384961", 
        "price": "121168000", 
        "type": "buy", 
        "amount": "0.82283191"
    }, 
    {
        "date": "1579310316", 
        "tid": "14384960", 
        "price": "121168000", 
        "type": "buy", 
        "amount": "0.01679599"
    }, 
    {
        "date": "1579310313", 
        "tid": "14384959", 
        "price": "121170000", 
        "type": "buy", 
        "amount": "0.00172521"
    }, 
    {
        "date": "1579310313", 
        "tid": "14384958", 
        "price": "121169000", 
        "type": "buy", 
        "amount": "0.00000255"
    }, 
    {
        "date": "1579310279", 
        "tid": "14384957", 
        "price": "121169000", 
        "type": "buy", 
        "amount": "0.00084824"
    }, 
    {
        "date": "1579310240", 
        "tid": "14384956", 
        "price": "121166000", 
        "type": "sell", 
        "amount": "0.01692263"
    }, 
    {
        "date": "1579310239", 
        "tid": "14384955", 
        "price": "121000000", 
        "type": "buy", 
        "amount": "0.00041900"
    }, 
    {
        "date": "1579310237", 
        "tid": "14384954", 
        "price": "121166000", 
        "type": "buy", 
        "amount": "0.04725409"
    }, 
    {
        "date": "1579310237", 
        "tid": "14384953", 
        "price": "121165000", 
        "type": "buy", 
        "amount": "0.01214047"
    }, 
    {
        "date": "1579310237", 
        "tid": "14384952", 
        "price": "121164000", 
        "type": "buy", 
        "amount": "0.00278859"
    }, 
    {
        "date": "1579310237", 
        "tid": "14384951", 
        "price": "121163000", 
        "type": "buy", 
        "amount": "0.00214509"
    }, 
    {
        "date": "1579310237", 
        "tid": "14384950", 
        "price": "121162000", 
        "type": "buy", 
        "amount": "0.00150157"
    }, 
    {
        "date": "1579310237", 
        "tid": "14384949", 
        "price": "121161000", 
        "type": "buy", 
        "amount": "0.00085805"
    }, 
    {
        "date": "1579310237", 
        "tid": "14384948", 
        "price": "121115000", 
        "type": "buy", 
        "amount": "0.00256592"
    }, 
    {
        "date": "1579310237", 
        "tid": "14384947", 
        "price": "121109000", 
        "type": "buy", 
        "amount": "0.00048374"
    }, 
    {
        "date": "1579310237", 
        "tid": "14384946", 
        "price": "121069000", 
        "type": "buy", 
        "amount": "0.00112200"
    }, 
    {
        "date": "1579310237", 
        "tid": "14384945", 
        "price": "121037000", 
        "type": "buy", 
        "amount": "0.00074470"
    }, 
    {
        "date": "1579310237", 
        "tid": "14384944", 
        "price": "121020000", 
        "type": "buy", 
        "amount": "0.00244472"
    }, 
    {
        "date": "1579310237", 
        "tid": "14384943", 
        "price": "121000000", 
        "type": "buy", 
        "amount": "0.00001350"
    }, 
    {
        "date": "1579310189", 
        "tid": "14384942", 
        "price": "121000000", 
        "type": "buy", 
        "amount": "0.00042023"
    }, 
    {
        "date": "1579310180", 
        "tid": "14384941", 
        "price": "120999000", 
        "type": "sell", 
        "amount": "0.00434004"
    }, 
    {
        "date": "1579310152", 
        "tid": "14384940", 
        "price": "120999000", 
        "type": "sell", 
        "amount": "0.00192558"
    }, 
    {
        "date": "1579310132", 
        "tid": "14384939", 
        "price": "120999000", 
        "type": "sell", 
        "amount": "0.01302014"
    }, 
    {
        "date": "1579310123", 
        "tid": "14384938", 
        "price": "120999000", 
        "type": "sell", 
        "amount": "0.00723341"
    }, 
    {
        "date": "1579310117", 
        "tid": "14384937", 
        "price": "120999000", 
        "type": "buy", 
        "amount": "0.25419657"
    }, 
    {
        "date": "1579310083", 
        "tid": "14384936", 
        "price": "120728000", 
        "type": "sell", 
        "amount": "0.02884699"
    }, 
    {
        "date": "1579310065", 
        "tid": "14384935", 
        "price": "120665000", 
        "type": "sell", 
        "amount": "0.02884771"
    }, 
    {
        "date": "1579310060", 
        "tid": "14384934", 
        "price": "121000000", 
        "type": "buy", 
        "amount": "0.00007099"
    }, 
    {
        "date": "1579310060", 
        "tid": "14384933", 
        "price": "120989000", 
        "type": "buy", 
        "amount": "0.00067890"
    }, 
    {
        "date": "1579310050", 
        "tid": "14384932", 
        "price": "120662000", 
        "type": "sell", 
        "amount": "0.00095457"
    }, 
    {
        "date": "1579310050", 
        "tid": "14384931", 
        "price": "120663000", 
        "type": "sell", 
        "amount": "0.02789361"
    }, 
    {
        "date": "1579310008", 
        "tid": "14384930", 
        "price": "121166000", 
        "type": "buy", 
        "amount": "0.00164569"
    }, 
    {
        "date": "1579310002", 
        "tid": "14384929", 
        "price": "120650000", 
        "type": "sell", 
        "amount": "0.41133041"
    }, 
    {
        "date": "1579310002", 
        "tid": "14384928", 
        "price": "120651000", 
        "type": "sell", 
        "amount": "0.04125808"
    }, 
    {
        "date": "1579310002", 
        "tid": "14384927", 
        "price": "120670000", 
        "type": "sell", 
        "amount": "0.00067890"
    }, 
    {
        "date": "1579310002", 
        "tid": "14384926", 
        "price": "120685000", 
        "type": "sell", 
        "amount": "0.00082860"
    }, 
    {
        "date": "1579310002", 
        "tid": "14384925", 
        "price": "120686000", 
        "type": "sell", 
        "amount": "0.00315311"
    }, 
    {
        "date": "1579310002", 
        "tid": "14384924", 
        "price": "120690000", 
        "type": "sell", 
        "amount": "0.06325277"
    }, 
    {
        "date": "1579310002", 
        "tid": "14384923", 
        "price": "120750000", 
        "type": "sell", 
        "amount": "0.00050471"
    }, 
    {
        "date": "1579310002", 
        "tid": "14384922", 
        "price": "120795000", 
        "type": "sell", 
        "amount": "0.00202285"
    }, 
    {
        "date": "1579310002", 
        "tid": "14384921", 
        "price": "120801000", 
        "type": "sell", 
        "amount": "0.00074469"
    }, 
    {
        "date": "1579310002", 
        "tid": "14384920", 
        "price": "120802000", 
        "type": "sell", 
        "amount": "0.06449931"
    }, 
    {
        "date": "1579310002", 
        "tid": "14384919", 
        "price": "120803000", 
        "type": "sell", 
        "amount": "0.00696474"
    }, 
    {
        "date": "1579310002", 
        "tid": "14384918", 
        "price": "120804000", 
        "type": "sell", 
        "amount": "0.00094978"
    }, 
    {
        "date": "1579310002", 
        "tid": "14384917", 
        "price": "120816000", 
        "type": "sell", 
        "amount": "0.00244472"
    }, 
    {
        "date": "1579310002", 
        "tid": "14384916", 
        "price": "120817000", 
        "type": "sell", 
        "amount": "0.22909027"
    }, 
    {
        "date": "1579310002", 
        "tid": "14384915", 
        "price": "120843000", 
        "type": "sell", 
        "amount": "0.00112200"
    }, 
    {
        "date": "1579310002", 
        "tid": "14384914", 
        "price": "120867000", 
        "type": "sell", 
        "amount": "0.00256592"
    }, 
    {
        "date": "1579310002", 
        "tid": "14384913", 
        "price": "120900000", 
        "type": "sell", 
        "amount": "0.06955295"
    }, 
    {
        "date": "1579310002", 
        "tid": "14384912", 
        "price": "120911000", 
        "type": "sell", 
        "amount": "0.06371541"
    }, 
    {
        "date": "1579310002", 
        "tid": "14384911", 
        "price": "120953000", 
        "type": "sell", 
        "amount": "0.00152125"
    }, 
    {
        "date": "1579310002", 
        "tid": "14384910", 
        "price": "120989000", 
        "type": "sell", 
        "amount": "0.00067889"
    }, 
    {
        "date": "1579310002", 
        "tid": "14384909", 
        "price": "120998000", 
        "type": "sell", 
        "amount": "0.00044033"
    }, 
    {
        "date": "1579310002", 
        "tid": "14384908", 
        "price": "121000000", 
        "type": "sell", 
        "amount": "0.66316733"
    }, 
    {
        "date": "1579310002", 
        "tid": "14384907", 
        "price": "121001000", 
        "type": "sell", 
        "amount": "0.08486164"
    }, 
    {
        "date": "1579310002", 
        "tid": "14384906", 
        "price": "121005000", 
        "type": "sell", 
        "amount": "0.00344159"
    }, 
    {
        "date": "1579310002", 
        "tid": "14384905", 
        "price": "121020000", 
        "type": "sell", 
        "amount": "0.00244472"
    }, 
    {
        "date": "1579310002", 
        "tid": "14384904", 
        "price": "121036000", 
        "type": "sell", 
        "amount": "0.16179999"
    }, 
    {
        "date": "1579310002", 
        "tid": "14384903", 
        "price": "121037000", 
        "type": "sell", 
        "amount": "0.00074469"
    }, 
    {
        "date": "1579310002", 
        "tid": "14384902", 
        "price": "121054000", 
        "type": "sell", 
        "amount": "0.04130388"
    }, 
    {
        "date": "1579310002", 
        "tid": "14384901", 
        "price": "121055000", 
        "type": "sell", 
        "amount": "0.07491647"
    }, 
    {
        "date": "1579309888", 
        "tid": "14384900", 
        "price": "121055000", 
        "type": "sell", 
        "amount": "0.00010000"
    }, 
    {
        "date": "1579309884", 
        "tid": "14384899", 
        "price": "121055000", 
        "type": "sell", 
        "amount": "0.02044298"
    }, 
    {
        "date": "1579309867", 
        "tid": "14384898", 
        "price": "121069000", 
        "type": "sell", 
        "amount": "0.00112199"
    }, 
    {
        "date": "1579309860", 
        "tid": "14384897", 
        "price": "121079000", 
        "type": "sell", 
        "amount": "0.14260916"
    }, 
    {
        "date": "1579309848", 
        "tid": "14384896", 
        "price": "121079000", 
        "type": "sell", 
        "amount": "0.04019084"
    }, 
    {
        "date": "1579309843", 
        "tid": "14384895", 
        "price": "121099000", 
        "type": "sell", 
        "amount": "0.00280223"
    }, 
    {
        "date": "1579309825", 
        "tid": "14384894", 
        "price": "121115000", 
        "type": "buy", 
        "amount": "0.08231920"
    }, 
    {
        "date": "1579309824", 
        "tid": "14384893", 
        "price": "121115000", 
        "type": "sell", 
        "amount": "0.00256593"
    }, 
    {
        "date": "1579309820", 
        "tid": "14384892", 
        "price": "121116000", 
        "type": "buy", 
        "amount": "0.00082318"
    }, 
    {
        "date": "1579309815", 
        "tid": "14384891", 
        "price": "121131000", 
        "type": "sell", 
        "amount": "0.11459999"
    }, 
    {
        "date": "1579309786", 
        "tid": "14384890", 
        "price": "121139000", 
        "type": "sell", 
        "amount": "0.00113918"
    }, 
    {
        "date": "1579309771", 
        "tid": "14384889", 
        "price": "121220000", 
        "type": "sell", 
        "amount": "0.07424517"
    }, 
    {
        "date": "1579309770", 
        "tid": "14384888", 
        "price": "121221000", 
        "type": "buy", 
        "amount": "0.08224721"
    }, 
    {
        "date": "1579309748", 
        "tid": "14384887", 
        "price": "121240000", 
        "type": "sell", 
        "amount": "0.27677107"
    }, 
    {
        "date": "1579309740", 
        "tid": "14384886", 
        "price": "121250000", 
        "type": "sell", 
        "amount": "0.00824742"
    }, 
    {
        "date": "1579309716", 
        "tid": "14384885", 
        "price": "121297000", 
        "type": "sell", 
        "amount": "0.26097847"
    }, 
    {
        "date": "1579309707", 
        "tid": "14384884", 
        "price": "121298000", 
        "type": "buy", 
        "amount": "0.08851581"
    }, 
    {
        "date": "1579309679", 
        "tid": "14384883", 
        "price": "121297000", 
        "type": "sell", 
        "amount": "0.00573090"
    }, 
    {
        "date": "1579309568", 
        "tid": "14384882", 
        "price": "121399000", 
        "type": "buy", 
        "amount": "0.00068608"
    }, 
    {
        "date": "1579309568", 
        "tid": "14384881", 
        "price": "121378000", 
        "type": "buy", 
        "amount": "0.00528017"
    }, 
    {
        "date": "1579309568", 
        "tid": "14384880", 
        "price": "121375000", 
        "type": "buy", 
        "amount": "0.00074245"
    }, 
    {
        "date": "1579309568", 
        "tid": "14384879", 
        "price": "121364000", 
        "type": "buy", 
        "amount": "0.00300626"
    }, 
    {
        "date": "1579309568", 
        "tid": "14384878", 
        "price": "121350000", 
        "type": "buy", 
        "amount": "0.00579515"
    }, 
    {
        "date": "1579309529", 
        "tid": "14384877", 
        "price": "121350000", 
        "type": "buy", 
        "amount": "0.00282069"
    }, 
    {
        "date": "1579309529", 
        "tid": "14384876", 
        "price": "121308000", 
        "type": "buy", 
        "amount": "0.00067890"
    }, 
    {
        "date": "1579309529", 
        "tid": "14384875", 
        "price": "121301000", 
        "type": "buy", 
        "amount": "0.00247931"
    }, 
    {
        "date": "1579309488", 
        "tid": "14384874", 
        "price": "121240000", 
        "type": "sell", 
        "amount": "0.03650569"
    }, 
    {
        "date": "1579309488", 
        "tid": "14384873", 
        "price": "121300000", 
        "type": "sell", 
        "amount": "0.02349431"
    }, 
    {
        "date": "1579309485", 
        "tid": "14384872", 
        "price": "121300000", 
        "type": "buy", 
        "amount": "0.03767595"
    }, 
    {
        "date": "1579309485", 
        "tid": "14384871", 
        "price": "121241000", 
        "type": "buy", 
        "amount": "0.03340611"
    }, 
    {
        "date": "1579309442", 
        "tid": "14384870", 
        "price": "121241000", 
        "type": "buy", 
        "amount": "0.00044195"
    }, 
    {
        "date": "1579309357", 
        "tid": "14384869", 
        "price": "121300000", 
        "type": "buy", 
        "amount": "0.00801115"
    }, 
    {
        "date": "1579309342", 
        "tid": "14384868", 
        "price": "121239000", 
        "type": "sell", 
        "amount": "0.09311847"
    }, 
    {
        "date": "1579309342", 
        "tid": "14384867", 
        "price": "121299000", 
        "type": "sell", 
        "amount": "0.00688153"
    }, 
    {
        "date": "1579309299", 
        "tid": "14384866", 
        "price": "121232000", 
        "type": "sell", 
        "amount": "0.00890980"
    }, 
    {
        "date": "1579309298", 
        "tid": "14384865", 
        "price": "121232000", 
        "type": "sell", 
        "amount": "0.02854634"
    }, 
    {
        "date": "1579309296", 
        "tid": "14384864", 
        "price": "121221000", 
        "type": "sell", 
        "amount": "0.20000000"
    }, 
    {
        "date": "1579309276", 
        "tid": "14384863", 
        "price": "121300000", 
        "type": "buy", 
        "amount": "0.04015993"
    }, 
    {
        "date": "1579309268", 
        "tid": "14384862", 
        "price": "121300000", 
        "type": "buy", 
        "amount": "0.06023990"
    }, 
    {
        "date": "1579309258", 
        "tid": "14384861", 
        "price": "121225000", 
        "type": "sell", 
        "amount": "0.20000000"
    }, 
    {
        "date": "1579309232", 
        "tid": "14384860", 
        "price": "121221000", 
        "type": "sell", 
        "amount": "0.00713717"
    }, 
    {
        "date": "1579309224", 
        "tid": "14384859", 
        "price": "121221000", 
        "type": "sell", 
        "amount": "0.00178800"
    }, 
    {
        "date": "1579309218", 
        "tid": "14384858", 
        "price": "121299000", 
        "type": "buy", 
        "amount": "0.11892260"
    }, 
    {
        "date": "1579309218", 
        "tid": "14384857", 
        "price": "121294000", 
        "type": "buy", 
        "amount": "0.00112200"
    }, 
    {
        "date": "1579309218", 
        "tid": "14384856", 
        "price": "121284000", 
        "type": "buy", 
        "amount": "0.00091486"
    }, 
    {
        "date": "1579309218", 
        "tid": "14384855", 
        "price": "121272000", 
        "type": "buy", 
        "amount": "0.00074470"
    }, 
    {
        "date": "1579309218", 
        "tid": "14384854", 
        "price": "121255000", 
        "type": "buy", 
        "amount": "0.00042987"
    }, 
    {
        "date": "1579309218", 
        "tid": "14384853", 
        "price": "121250000", 
        "type": "buy", 
        "amount": "0.02841712"
    }, 
    {
        "date": "1579309150", 
        "tid": "14384852", 
        "price": "121202000", 
        "type": "sell", 
        "amount": "0.00713829"
    }, 
    {
        "date": "1579309096", 
        "tid": "14384851", 
        "price": "121199000", 
        "type": "sell", 
        "amount": "0.08422500"
    }, 
    {
        "date": "1579309083", 
        "tid": "14384850", 
        "price": "121250000", 
        "type": "buy", 
        "amount": "0.00328910"
    }, 
    {
        "date": "1579309025", 
        "tid": "14384849", 
        "price": "121199000", 
        "type": "sell", 
        "amount": "0.00761230"
    }, 
    {
        "date": "1579309010", 
        "tid": "14384848", 
        "price": "121199000", 
        "type": "sell", 
        "amount": "0.00112501"
    }, 
    {
        "date": "1579308940", 
        "tid": "14384847", 
        "price": "121250000", 
        "type": "buy", 
        "amount": "0.00132040"
    }, 
    {
        "date": "1579308940", 
        "tid": "14384846", 
        "price": "121224000", 
        "type": "buy", 
        "amount": "0.00244472"
    }, 
    {
        "date": "1579308940", 
        "tid": "14384845", 
        "price": "121220000", 
        "type": "buy", 
        "amount": "0.00054281"
    }, 
    {
        "date": "1579308940", 
        "tid": "14384844", 
        "price": "121207000", 
        "type": "buy", 
        "amount": "0.00100000"
    }, 
    {
        "date": "1579308940", 
        "tid": "14384843", 
        "price": "121200000", 
        "type": "buy", 
        "amount": "0.01032062"
    }, 
    {
        "date": "1579308939", 
        "tid": "14384842", 
        "price": "121200000", 
        "type": "buy", 
        "amount": "0.00417095"
    }, 
    {
        "date": "1579308895", 
        "tid": "14384841", 
        "price": "121199000", 
        "type": "sell", 
        "amount": "0.00642977"
    }, 
    {
        "date": "1579308660", 
        "tid": "14384840", 
        "price": "121199000", 
        "type": "sell", 
        "amount": "0.00126860"
    }, 
    {
        "date": "1579308622", 
        "tid": "14384839", 
        "price": "121199000", 
        "type": "sell", 
        "amount": "0.00200000"
    }, 
    {
        "date": "1579308597", 
        "tid": "14384838", 
        "price": "121200000", 
        "type": "buy", 
        "amount": "0.00109744"
    }, 
    {
        "date": "1579308509", 
        "tid": "14384837", 
        "price": "121141000", 
        "type": "sell", 
        "amount": "0.00294354"
    }, 
    {
        "date": "1579308475", 
        "tid": "14384836", 
        "price": "121200000", 
        "type": "buy", 
        "amount": "0.00649077"
    }, 
    {
        "date": "1579308470", 
        "tid": "14384835", 
        "price": "121200000", 
        "type": "buy", 
        "amount": "0.00649077"
    }, 
    {
        "date": "1579308430", 
        "tid": "14384834", 
        "price": "121172000", 
        "type": "sell", 
        "amount": "0.42331117"
    }, 
    {
        "date": "1579308430", 
        "tid": "14384833", 
        "price": "121198000", 
        "type": "sell", 
        "amount": "0.00075347"
    }, 
    {
        "date": "1579308430", 
        "tid": "14384832", 
        "price": "121199000", 
        "type": "sell", 
        "amount": "0.41522764"
    }, 
    {
        "date": "1579308413", 
        "tid": "14384831", 
        "price": "121199000", 
        "type": "sell", 
        "amount": "0.36869099"
    }
]