[
    {
        "date": "1579319455", 
        "tid": "14385407", 
        "price": "120901000", 
        "type": "buy", 
        "amount": "0.01608066"
    }, 
    {
        "date": "1579319440", 
        "tid": "14385406", 
        "price": "120900000", 
        "type": "sell", 
        "amount": "0.00061433"
    }, 
    {
        "date": "1579319365", 
        "tid": "14385405", 
        "price": "120901000", 
        "type": "buy", 
        "amount": "0.00824649"
    }, 
    {
        "date": "1579319356", 
        "tid": "14385404", 
        "price": "120901000", 
        "type": "buy", 
        "amount": "0.02794139"
    }, 
    {
        "date": "1579319200", 
        "tid": "14385403", 
        "price": "120900000", 
        "type": "sell", 
        "amount": "0.05671625"
    }, 
    {
        "date": "1579319158", 
        "tid": "14385402", 
        "price": "120900000", 
        "type": "sell", 
        "amount": "0.00527865"
    }, 
    {
        "date": "1579319041", 
        "tid": "14385401", 
        "price": "120901000", 
        "type": "buy", 
        "amount": "0.03165003"
    }, 
    {
        "date": "1579319024", 
        "tid": "14385400", 
        "price": "120901000", 
        "type": "buy", 
        "amount": "0.06362059"
    }, 
    {
        "date": "1579318918", 
        "tid": "14385399", 
        "price": "120900000", 
        "type": "sell", 
        "amount": "0.01158280"
    }, 
    {
        "date": "1579318863", 
        "tid": "14385398", 
        "price": "120900000", 
        "type": "sell", 
        "amount": "0.00631537"
    }, 
    {
        "date": "1579318863", 
        "tid": "14385397", 
        "price": "120901000", 
        "type": "sell", 
        "amount": "0.00827123"
    }, 
    {
        "date": "1579318863", 
        "tid": "14385396", 
        "price": "120950000", 
        "type": "sell", 
        "amount": "0.00768459"
    }, 
    {
        "date": "1579318797", 
        "tid": "14385395", 
        "price": "120959000", 
        "type": "buy", 
        "amount": "0.00179529"
    }, 
    {
        "date": "1579318797", 
        "tid": "14385394", 
        "price": "120928000", 
        "type": "buy", 
        "amount": "0.00244245"
    }, 
    {
        "date": "1579318786", 
        "tid": "14385393", 
        "price": "120900000", 
        "type": "buy", 
        "amount": "0.62259929"
    }, 
    {
        "date": "1579318786", 
        "tid": "14385392", 
        "price": "120898000", 
        "type": "buy", 
        "amount": "0.93872737"
    }, 
    {
        "date": "1579318786", 
        "tid": "14385391", 
        "price": "120897000", 
        "type": "buy", 
        "amount": "0.13469082"
    }, 
    {
        "date": "1579318786", 
        "tid": "14385390", 
        "price": "120896000", 
        "type": "buy", 
        "amount": "0.00608531"
    }, 
    {
        "date": "1579318786", 
        "tid": "14385389", 
        "price": "120895000", 
        "type": "buy", 
        "amount": "0.00086864"
    }, 
    {
        "date": "1579318786", 
        "tid": "14385388", 
        "price": "120894000", 
        "type": "buy", 
        "amount": "0.05362952"
    }, 
    {
        "date": "1579318783", 
        "tid": "14385387", 
        "price": "120893000", 
        "type": "sell", 
        "amount": "1.50000000"
    }, 
    {
        "date": "1579318721", 
        "tid": "14385386", 
        "price": "120893000", 
        "type": "sell", 
        "amount": "0.00211079"
    }, 
    {
        "date": "1579318530", 
        "tid": "14385385", 
        "price": "120894000", 
        "type": "buy", 
        "amount": "0.10677414"
    }, 
    {
        "date": "1579318530", 
        "tid": "14385384", 
        "price": "120893000", 
        "type": "buy", 
        "amount": "0.00086865"
    }, 
    {
        "date": "1579318530", 
        "tid": "14385383", 
        "price": "120891000", 
        "type": "buy", 
        "amount": "0.04135991"
    }, 
    {
        "date": "1579318530", 
        "tid": "14385382", 
        "price": "120890000", 
        "type": "buy", 
        "amount": "0.04562561"
    }, 
    {
        "date": "1579318514", 
        "tid": "14385381", 
        "price": "120889000", 
        "type": "sell", 
        "amount": "0.00099427"
    }, 
    {
        "date": "1579318460", 
        "tid": "14385380", 
        "price": "120890000", 
        "type": "buy", 
        "amount": "0.02235002"
    }, 
    {
        "date": "1579318421", 
        "tid": "14385379", 
        "price": "120889000", 
        "type": "sell", 
        "amount": "0.00140198"
    }, 
    {
        "date": "1579318411", 
        "tid": "14385378", 
        "price": "120890000", 
        "type": "buy", 
        "amount": "0.00231675"
    }, 
    {
        "date": "1579318387", 
        "tid": "14385377", 
        "price": "120890000", 
        "type": "buy", 
        "amount": "0.01588717"
    }, 
    {
        "date": "1579318387", 
        "tid": "14385376", 
        "price": "120889000", 
        "type": "buy", 
        "amount": "0.05432206"
    }, 
    {
        "date": "1579318354", 
        "tid": "14385375", 
        "price": "120836000", 
        "type": "sell", 
        "amount": "0.00239111"
    }, 
    {
        "date": "1579318336", 
        "tid": "14385374", 
        "price": "120836000", 
        "type": "sell", 
        "amount": "0.00100000"
    }, 
    {
        "date": "1579318297", 
        "tid": "14385373", 
        "price": "120889000", 
        "type": "buy", 
        "amount": "0.00041237"
    }, 
    {
        "date": "1579318249", 
        "tid": "14385372", 
        "price": "120893000", 
        "type": "buy", 
        "amount": "0.13129071"
    }, 
    {
        "date": "1579318249", 
        "tid": "14385371", 
        "price": "120867000", 
        "type": "buy", 
        "amount": "0.04650214"
    }, 
    {
        "date": "1579318249", 
        "tid": "14385370", 
        "price": "120866000", 
        "type": "buy", 
        "amount": "0.00100000"
    }, 
    {
        "date": "1579318249", 
        "tid": "14385369", 
        "price": "120860000", 
        "type": "buy", 
        "amount": "0.00471142"
    }, 
    {
        "date": "1579318249", 
        "tid": "14385368", 
        "price": "120855000", 
        "type": "buy", 
        "amount": "0.00225211"
    }, 
    {
        "date": "1579318249", 
        "tid": "14385367", 
        "price": "120843000", 
        "type": "buy", 
        "amount": "0.00112200"
    }, 
    {
        "date": "1579318249", 
        "tid": "14385366", 
        "price": "120841000", 
        "type": "buy", 
        "amount": "0.00100000"
    }, 
    {
        "date": "1579318249", 
        "tid": "14385365", 
        "price": "120840000", 
        "type": "buy", 
        "amount": "0.00924302"
    }, 
    {
        "date": "1579318208", 
        "tid": "14385364", 
        "price": "120840000", 
        "type": "buy", 
        "amount": "0.00075698"
    }, 
    {
        "date": "1579318169", 
        "tid": "14385363", 
        "price": "120838000", 
        "type": "sell", 
        "amount": "0.00301957"
    }, 
    {
        "date": "1579318011", 
        "tid": "14385362", 
        "price": "120836000", 
        "type": "buy", 
        "amount": "0.05723370"
    }, 
    {
        "date": "1579317944", 
        "tid": "14385361", 
        "price": "120836000", 
        "type": "buy", 
        "amount": "0.03520486"
    }, 
    {
        "date": "1579317944", 
        "tid": "14385360", 
        "price": "120825000", 
        "type": "buy", 
        "amount": "0.03613234"
    }, 
    {
        "date": "1579317944", 
        "tid": "14385359", 
        "price": "120806000", 
        "type": "buy", 
        "amount": "0.00197392"
    }, 
    {
        "date": "1579317863", 
        "tid": "14385358", 
        "price": "120760000", 
        "type": "sell", 
        "amount": "0.01457876"
    }, 
    {
        "date": "1579317854", 
        "tid": "14385357", 
        "price": "120749000", 
        "type": "sell", 
        "amount": "0.00077207"
    }, 
    {
        "date": "1579317850", 
        "tid": "14385356", 
        "price": "120749000", 
        "type": "sell", 
        "amount": "0.00055059"
    }, 
    {
        "date": "1579317846", 
        "tid": "14385355", 
        "price": "120806000", 
        "type": "buy", 
        "amount": "0.00046853"
    }, 
    {
        "date": "1579317846", 
        "tid": "14385354", 
        "price": "120801000", 
        "type": "buy", 
        "amount": "0.00074470"
    }, 
    {
        "date": "1579317834", 
        "tid": "14385353", 
        "price": "120800000", 
        "type": "buy", 
        "amount": "0.00389300"
    }, 
    {
        "date": "1579317834", 
        "tid": "14385352", 
        "price": "120775000", 
        "type": "buy", 
        "amount": "0.00244245"
    }, 
    {
        "date": "1579317834", 
        "tid": "14385351", 
        "price": "120750000", 
        "type": "buy", 
        "amount": "0.00050472"
    }, 
    {
        "date": "1579317834", 
        "tid": "14385350", 
        "price": "120749000", 
        "type": "buy", 
        "amount": "0.03331767"
    }, 
    {
        "date": "1579317828", 
        "tid": "14385349", 
        "price": "120747000", 
        "type": "sell", 
        "amount": "0.00066208"
    }, 
    {
        "date": "1579317815", 
        "tid": "14385348", 
        "price": "120749000", 
        "type": "buy", 
        "amount": "0.00809088"
    }, 
    {
        "date": "1579317815", 
        "tid": "14385347", 
        "price": "120748000", 
        "type": "buy", 
        "amount": "0.02202906"
    }, 
    {
        "date": "1579317796", 
        "tid": "14385346", 
        "price": "120747000", 
        "type": "sell", 
        "amount": "0.01900000"
    }, 
    {
        "date": "1579317790", 
        "tid": "14385345", 
        "price": "120747000", 
        "type": "sell", 
        "amount": "0.00062637"
    }, 
    {
        "date": "1579317766", 
        "tid": "14385344", 
        "price": "120747000", 
        "type": "sell", 
        "amount": "0.01458033"
    }, 
    {
        "date": "1579317750", 
        "tid": "14385343", 
        "price": "120747000", 
        "type": "sell", 
        "amount": "0.00874820"
    }, 
    {
        "date": "1579317727", 
        "tid": "14385342", 
        "price": "120747000", 
        "type": "sell", 
        "amount": "0.00347861"
    }, 
    {
        "date": "1579317723", 
        "tid": "14385341", 
        "price": "120747000", 
        "type": "sell", 
        "amount": "0.01458033"
    }, 
    {
        "date": "1579317719", 
        "tid": "14385340", 
        "price": "120748000", 
        "type": "buy", 
        "amount": "0.04016000"
    }, 
    {
        "date": "1579317718", 
        "tid": "14385339", 
        "price": "120748000", 
        "type": "buy", 
        "amount": "0.00088384"
    }, 
    {
        "date": "1579317698", 
        "tid": "14385338", 
        "price": "120748000", 
        "type": "buy", 
        "amount": "0.06656384"
    }, 
    {
        "date": "1579317698", 
        "tid": "14385337", 
        "price": "120744000", 
        "type": "buy", 
        "amount": "0.00244245"
    }, 
    {
        "date": "1579317698", 
        "tid": "14385336", 
        "price": "120715000", 
        "type": "buy", 
        "amount": "0.00125501"
    }, 
    {
        "date": "1579317694", 
        "tid": "14385335", 
        "price": "120714000", 
        "type": "sell", 
        "amount": "0.01166745"
    }, 
    {
        "date": "1579317673", 
        "tid": "14385334", 
        "price": "120714000", 
        "type": "sell", 
        "amount": "0.00067247"
    }, 
    {
        "date": "1579317669", 
        "tid": "14385333", 
        "price": "120714000", 
        "type": "sell", 
        "amount": "0.00211220"
    }, 
    {
        "date": "1579317659", 
        "tid": "14385332", 
        "price": "120748000", 
        "type": "buy", 
        "amount": "0.00041532"
    }, 
    {
        "date": "1579317562", 
        "tid": "14385331", 
        "price": "120748000", 
        "type": "buy", 
        "amount": "0.00353946"
    }, 
    {
        "date": "1579317562", 
        "tid": "14385330", 
        "price": "120744000", 
        "type": "buy", 
        "amount": "0.00244245"
    }, 
    {
        "date": "1579317562", 
        "tid": "14385329", 
        "price": "120730000", 
        "type": "buy", 
        "amount": "0.01010934"
    }, 
    {
        "date": "1579317562", 
        "tid": "14385328", 
        "price": "120684000", 
        "type": "buy", 
        "amount": "0.00042447"
    }, 
    {
        "date": "1579317556", 
        "tid": "14385327", 
        "price": "120683000", 
        "type": "sell", 
        "amount": "0.00241363"
    }, 
    {
        "date": "1579317555", 
        "tid": "14385326", 
        "price": "120730000", 
        "type": "buy", 
        "amount": "0.00406714"
    }, 
    {
        "date": "1579317534", 
        "tid": "14385325", 
        "price": "120730000", 
        "type": "buy", 
        "amount": "0.01582352"
    }, 
    {
        "date": "1579317534", 
        "tid": "14385324", 
        "price": "120714000", 
        "type": "buy", 
        "amount": "0.00244245"
    }, 
    {
        "date": "1579317534", 
        "tid": "14385323", 
        "price": "120683000", 
        "type": "buy", 
        "amount": "0.00244245"
    }, 
    {
        "date": "1579317528", 
        "tid": "14385322", 
        "price": "120656000", 
        "type": "sell", 
        "amount": "0.00266366"
    }, 
    {
        "date": "1579317458", 
        "tid": "14385321", 
        "price": "120656000", 
        "type": "sell", 
        "amount": "0.00571004"
    }, 
    {
        "date": "1579317434", 
        "tid": "14385320", 
        "price": "120653000", 
        "type": "buy", 
        "amount": "0.00244245"
    }, 
    {
        "date": "1579317400", 
        "tid": "14385319", 
        "price": "120622000", 
        "type": "buy", 
        "amount": "0.00122741"
    }, 
    {
        "date": "1579317287", 
        "tid": "14385318", 
        "price": "120572000", 
        "type": "sell", 
        "amount": "0.01451817"
    }, 
    {
        "date": "1579317278", 
        "tid": "14385317", 
        "price": "120572000", 
        "type": "sell", 
        "amount": "0.01451817"
    }, 
    {
        "date": "1579317270", 
        "tid": "14385316", 
        "price": "120622000", 
        "type": "buy", 
        "amount": "0.00121504"
    }, 
    {
        "date": "1579317262", 
        "tid": "14385315", 
        "price": "120567000", 
        "type": "sell", 
        "amount": "0.01161454"
    }, 
    {
        "date": "1579317255", 
        "tid": "14385314", 
        "price": "120570000", 
        "type": "sell", 
        "amount": "0.03067386"
    }, 
    {
        "date": "1579317255", 
        "tid": "14385313", 
        "price": "120571000", 
        "type": "sell", 
        "amount": "0.19702514"
    }, 
    {
        "date": "1579317224", 
        "tid": "14385312", 
        "price": "120565000", 
        "type": "sell", 
        "amount": "0.00763055"
    }, 
    {
        "date": "1579317203", 
        "tid": "14385311", 
        "price": "120565000", 
        "type": "sell", 
        "amount": "0.00462791"
    }, 
    {
        "date": "1579317203", 
        "tid": "14385310", 
        "price": "120591000", 
        "type": "sell", 
        "amount": "0.00244246"
    }, 
    {
        "date": "1579317203", 
        "tid": "14385309", 
        "price": "120622000", 
        "type": "sell", 
        "amount": "0.00244245"
    }, 
    {
        "date": "1579317203", 
        "tid": "14385308", 
        "price": "120653000", 
        "type": "sell", 
        "amount": "0.00011955"
    }, 
    {
        "date": "1579317203", 
        "tid": "14385307", 
        "price": "120683000", 
        "type": "sell", 
        "amount": "0.00053012"
    }, 
    {
        "date": "1579317175", 
        "tid": "14385306", 
        "price": "120683000", 
        "type": "sell", 
        "amount": "0.00191234"
    }, 
    {
        "date": "1579317175", 
        "tid": "14385305", 
        "price": "120714000", 
        "type": "sell", 
        "amount": "0.00244245"
    }, 
    {
        "date": "1579317157", 
        "tid": "14385304", 
        "price": "120748000", 
        "type": "buy", 
        "amount": "0.00046731"
    }, 
    {
        "date": "1579317098", 
        "tid": "14385303", 
        "price": "120748000", 
        "type": "buy", 
        "amount": "0.02584814"
    }, 
    {
        "date": "1579317098", 
        "tid": "14385302", 
        "price": "120744000", 
        "type": "buy", 
        "amount": "0.00874245"
    }, 
    {
        "date": "1579317098", 
        "tid": "14385301", 
        "price": "120714000", 
        "type": "buy", 
        "amount": "0.00244245"
    }, 
    {
        "date": "1579317098", 
        "tid": "14385300", 
        "price": "120705000", 
        "type": "buy", 
        "amount": "0.04142364"
    }, 
    {
        "date": "1579316996", 
        "tid": "14385299", 
        "price": "120704000", 
        "type": "buy", 
        "amount": "0.00042432"
    }, 
    {
        "date": "1579316942", 
        "tid": "14385298", 
        "price": "120653000", 
        "type": "sell", 
        "amount": "0.00232290"
    }, 
    {
        "date": "1579316941", 
        "tid": "14385297", 
        "price": "120700000", 
        "type": "buy", 
        "amount": "0.11312294"
    }, 
    {
        "date": "1579316941", 
        "tid": "14385296", 
        "price": "120699000", 
        "type": "buy", 
        "amount": "0.01078051"
    }, 
    {
        "date": "1579316830", 
        "tid": "14385295", 
        "price": "120726000", 
        "type": "buy", 
        "amount": "0.02424183"
    }, 
    {
        "date": "1579316830", 
        "tid": "14385294", 
        "price": "120683000", 
        "type": "buy", 
        "amount": "0.00244245"
    }, 
    {
        "date": "1579316830", 
        "tid": "14385293", 
        "price": "120653000", 
        "type": "buy", 
        "amount": "0.00244245"
    }, 
    {
        "date": "1579316830", 
        "tid": "14385292", 
        "price": "120622000", 
        "type": "buy", 
        "amount": "0.00244245"
    }, 
    {
        "date": "1579316830", 
        "tid": "14385291", 
        "price": "120591000", 
        "type": "buy", 
        "amount": "0.00244245"
    }, 
    {
        "date": "1579316830", 
        "tid": "14385290", 
        "price": "120561000", 
        "type": "buy", 
        "amount": "0.00244245"
    }, 
    {
        "date": "1579316830", 
        "tid": "14385289", 
        "price": "120530000", 
        "type": "buy", 
        "amount": "0.00244245"
    }, 
    {
        "date": "1579316807", 
        "tid": "14385288", 
        "price": "120494000", 
        "type": "sell", 
        "amount": "0.01444828"
    }, 
    {
        "date": "1579316794", 
        "tid": "14385287", 
        "price": "120494000", 
        "type": "sell", 
        "amount": "0.01444828"
    }, 
    {
        "date": "1579316791", 
        "tid": "14385286", 
        "price": "120494000", 
        "type": "sell", 
        "amount": "0.00319737"
    }, 
    {
        "date": "1579316786", 
        "tid": "14385285", 
        "price": "120494000", 
        "type": "sell", 
        "amount": "0.00712093"
    }, 
    {
        "date": "1579316786", 
        "tid": "14385284", 
        "price": "120653000", 
        "type": "sell", 
        "amount": "0.00244245"
    }, 
    {
        "date": "1579316786", 
        "tid": "14385283", 
        "price": "120683000", 
        "type": "sell", 
        "amount": "0.00244245"
    }, 
    {
        "date": "1579316786", 
        "tid": "14385282", 
        "price": "120714000", 
        "type": "sell", 
        "amount": "0.00244245"
    }, 
    {
        "date": "1579316781", 
        "tid": "14385281", 
        "price": "120742000", 
        "type": "buy", 
        "amount": "0.00243582"
    }, 
    {
        "date": "1579316780", 
        "tid": "14385280", 
        "price": "120742000", 
        "type": "buy", 
        "amount": "0.00243520"
    }, 
    {
        "date": "1579316778", 
        "tid": "14385279", 
        "price": "120469000", 
        "type": "sell", 
        "amount": "0.00223604"
    }, 
    {
        "date": "1579316778", 
        "tid": "14385278", 
        "price": "120500000", 
        "type": "sell", 
        "amount": "0.00244244"
    }, 
    {
        "date": "1579316778", 
        "tid": "14385277", 
        "price": "120530000", 
        "type": "sell", 
        "amount": "0.00244245"
    }, 
    {
        "date": "1579316778", 
        "tid": "14385276", 
        "price": "120561000", 
        "type": "sell", 
        "amount": "0.00244244"
    }, 
    {
        "date": "1579316778", 
        "tid": "14385275", 
        "price": "120591000", 
        "type": "sell", 
        "amount": "0.00244246"
    }, 
    {
        "date": "1579316778", 
        "tid": "14385274", 
        "price": "120622000", 
        "type": "sell", 
        "amount": "0.00244245"
    }, 
    {
        "date": "1579316764", 
        "tid": "14385273", 
        "price": "120453000", 
        "type": "sell", 
        "amount": "0.00405680"
    }, 
    {
        "date": "1579316743", 
        "tid": "14385272", 
        "price": "120454000", 
        "type": "sell", 
        "amount": "0.00991046"
    }, 
    {
        "date": "1579316743", 
        "tid": "14385271", 
        "price": "120500000", 
        "type": "sell", 
        "amount": "0.00050471"
    }, 
    {
        "date": "1579316743", 
        "tid": "14385270", 
        "price": "120565000", 
        "type": "sell", 
        "amount": "0.00074470"
    }, 
    {
        "date": "1579316718", 
        "tid": "14385269", 
        "price": "120839000", 
        "type": "buy", 
        "amount": "0.07154695"
    }, 
    {
        "date": "1579316718", 
        "tid": "14385268", 
        "price": "120838000", 
        "type": "buy", 
        "amount": "0.00152083"
    }, 
    {
        "date": "1579316718", 
        "tid": "14385267", 
        "price": "120837000", 
        "type": "buy", 
        "amount": "0.00086906"
    }, 
    {
        "date": "1579316718", 
        "tid": "14385266", 
        "price": "120801000", 
        "type": "buy", 
        "amount": "0.00241978"
    }, 
    {
        "date": "1579316718", 
        "tid": "14385265", 
        "price": "120800000", 
        "type": "buy", 
        "amount": "0.04149377"
    }, 
    {
        "date": "1579316718", 
        "tid": "14385264", 
        "price": "120750000", 
        "type": "buy", 
        "amount": "0.00050472"
    }, 
    {
        "date": "1579316718", 
        "tid": "14385263", 
        "price": "120576000", 
        "type": "buy", 
        "amount": "0.13009492"
    }, 
    {
        "date": "1579316718", 
        "tid": "14385262", 
        "price": "120575000", 
        "type": "buy", 
        "amount": "0.03244320"
    }, 
    {
        "date": "1579316605", 
        "tid": "14385261", 
        "price": "120449000", 
        "type": "sell", 
        "amount": "0.00538725"
    }, 
    {
        "date": "1579316605", 
        "tid": "14385260", 
        "price": "120495000", 
        "type": "sell", 
        "amount": "0.00585245"
    }, 
    {
        "date": "1579316605", 
        "tid": "14385259", 
        "price": "120500000", 
        "type": "sell", 
        "amount": "0.00050471"
    }, 
    {
        "date": "1579316605", 
        "tid": "14385258", 
        "price": "120574000", 
        "type": "sell", 
        "amount": "0.00118286"
    }
]