[
    {
        "date": "1579379395", 
        "tid": "14388048", 
        "price": "120800000", 
        "type": "buy", 
        "amount": "0.00074280"
    }, 
    {
        "date": "1579379389", 
        "tid": "14388047", 
        "price": "120800000", 
        "type": "buy", 
        "amount": "0.00081296"
    }, 
    {
        "date": "1579379313", 
        "tid": "14388046", 
        "price": "120800000", 
        "type": "buy", 
        "amount": "0.00165067"
    }, 
    {
        "date": "1579379291", 
        "tid": "14388045", 
        "price": "120744000", 
        "type": "sell", 
        "amount": "0.00117010"
    }, 
    {
        "date": "1579379291", 
        "tid": "14388044", 
        "price": "120745000", 
        "type": "sell", 
        "amount": "0.00100000"
    }, 
    {
        "date": "1579379252", 
        "tid": "14388043", 
        "price": "120800000", 
        "type": "buy", 
        "amount": "0.00873465"
    }, 
    {
        "date": "1579379252", 
        "tid": "14388042", 
        "price": "120775000", 
        "type": "buy", 
        "amount": "0.00244095"
    }, 
    {
        "date": "1579379174", 
        "tid": "14388041", 
        "price": "120744000", 
        "type": "sell", 
        "amount": "0.01248464"
    }, 
    {
        "date": "1579379157", 
        "tid": "14388040", 
        "price": "120800000", 
        "type": "buy", 
        "amount": "0.15538387"
    }, 
    {
        "date": "1579379157", 
        "tid": "14388039", 
        "price": "120799000", 
        "type": "buy", 
        "amount": "0.02431731"
    }, 
    {
        "date": "1579378748", 
        "tid": "14388038", 
        "price": "120744000", 
        "type": "sell", 
        "amount": "0.00086598"
    }, 
    {
        "date": "1579378745", 
        "tid": "14388037", 
        "price": "120744000", 
        "type": "sell", 
        "amount": "0.00101688"
    }, 
    {
        "date": "1579378253", 
        "tid": "14388036", 
        "price": "120799000", 
        "type": "buy", 
        "amount": "0.01464988"
    }, 
    {
        "date": "1579378183", 
        "tid": "14388035", 
        "price": "120799000", 
        "type": "buy", 
        "amount": "0.00933361"
    }, 
    {
        "date": "1579377854", 
        "tid": "14388034", 
        "price": "120799000", 
        "type": "buy", 
        "amount": "0.00364944"
    }, 
    {
        "date": "1579377693", 
        "tid": "14388033", 
        "price": "120799000", 
        "type": "buy", 
        "amount": "0.09931333"
    }, 
    {
        "date": "1579377693", 
        "tid": "14388032", 
        "price": "120798000", 
        "type": "buy", 
        "amount": "0.00314779"
    }, 
    {
        "date": "1579377693", 
        "tid": "14388031", 
        "price": "120775000", 
        "type": "buy", 
        "amount": "0.00244095"
    }, 
    {
        "date": "1579377693", 
        "tid": "14388030", 
        "price": "120744000", 
        "type": "buy", 
        "amount": "0.00322055"
    }, 
    {
        "date": "1579377693", 
        "tid": "14388029", 
        "price": "120715000", 
        "type": "buy", 
        "amount": "0.04414483"
    }, 
    {
        "date": "1579377693", 
        "tid": "14388028", 
        "price": "120714000", 
        "type": "buy", 
        "amount": "0.00244095"
    }, 
    {
        "date": "1579377693", 
        "tid": "14388027", 
        "price": "120683000", 
        "type": "buy", 
        "amount": "0.00244095"
    }, 
    {
        "date": "1579377624", 
        "tid": "14388026", 
        "price": "120653000", 
        "type": "sell", 
        "amount": "0.00548765"
    }, 
    {
        "date": "1579377624", 
        "tid": "14388025", 
        "price": "120683000", 
        "type": "sell", 
        "amount": "0.00244095"
    }, 
    {
        "date": "1579377544", 
        "tid": "14388024", 
        "price": "120715000", 
        "type": "buy", 
        "amount": "0.00185430"
    }, 
    {
        "date": "1579377544", 
        "tid": "14388023", 
        "price": "120714000", 
        "type": "buy", 
        "amount": "0.00095901"
    }, 
    {
        "date": "1579377544", 
        "tid": "14388022", 
        "price": "120654000", 
        "type": "buy", 
        "amount": "0.00131698"
    }, 
    {
        "date": "1579376854", 
        "tid": "14388021", 
        "price": "120714000", 
        "type": "buy", 
        "amount": "0.00148194"
    }, 
    {
        "date": "1579376854", 
        "tid": "14388020", 
        "price": "120683000", 
        "type": "buy", 
        "amount": "0.00244095"
    }, 
    {
        "date": "1579376854", 
        "tid": "14388019", 
        "price": "120653000", 
        "type": "buy", 
        "amount": "0.00078827"
    }, 
    {
        "date": "1579376095", 
        "tid": "14388018", 
        "price": "120597000", 
        "type": "sell", 
        "amount": "0.00042000"
    }, 
    {
        "date": "1579376095", 
        "tid": "14388017", 
        "price": "120653000", 
        "type": "buy", 
        "amount": "0.00165268"
    }, 
    {
        "date": "1579376077", 
        "tid": "14388016", 
        "price": "120597000", 
        "type": "sell", 
        "amount": "0.00272779"
    }, 
    {
        "date": "1579376077", 
        "tid": "14388015", 
        "price": "120622000", 
        "type": "sell", 
        "amount": "0.00244095"
    }, 
    {
        "date": "1579376077", 
        "tid": "14388014", 
        "price": "120647000", 
        "type": "sell", 
        "amount": "0.00047245"
    }, 
    {
        "date": "1579376077", 
        "tid": "14388013", 
        "price": "120653000", 
        "type": "sell", 
        "amount": "0.00244095"
    }, 
    {
        "date": "1579376077", 
        "tid": "14388012", 
        "price": "120659000", 
        "type": "sell", 
        "amount": "0.00077960"
    }, 
    {
        "date": "1579376077", 
        "tid": "14388011", 
        "price": "120683000", 
        "type": "sell", 
        "amount": "0.00244095"
    }, 
    {
        "date": "1579376077", 
        "tid": "14388010", 
        "price": "120714000", 
        "type": "sell", 
        "amount": "0.00244095"
    }, 
    {
        "date": "1579376077", 
        "tid": "14388009", 
        "price": "120744000", 
        "type": "sell", 
        "amount": "0.00176874"
    }, 
    {
        "date": "1579376058", 
        "tid": "14388008", 
        "price": "120799000", 
        "type": "buy", 
        "amount": "0.15542920"
    }, 
    {
        "date": "1579376058", 
        "tid": "14388007", 
        "price": "120798000", 
        "type": "buy", 
        "amount": "0.00393860"
    }, 
    {
        "date": "1579376058", 
        "tid": "14388006", 
        "price": "120797000", 
        "type": "buy", 
        "amount": "0.00223925"
    }, 
    {
        "date": "1579376058", 
        "tid": "14388005", 
        "price": "120796000", 
        "type": "buy", 
        "amount": "0.00156749"
    }, 
    {
        "date": "1579376058", 
        "tid": "14388004", 
        "price": "120795000", 
        "type": "buy", 
        "amount": "0.00089572"
    }, 
    {
        "date": "1579376058", 
        "tid": "14388003", 
        "price": "120745000", 
        "type": "buy", 
        "amount": "0.00100000"
    }, 
    {
        "date": "1579375308", 
        "tid": "14388002", 
        "price": "120799000", 
        "type": "buy", 
        "amount": "0.01951942"
    }, 
    {
        "date": "1579375272", 
        "tid": "14388001", 
        "price": "120744000", 
        "type": "sell", 
        "amount": "0.00067223"
    }, 
    {
        "date": "1579375199", 
        "tid": "14388000", 
        "price": "120799000", 
        "type": "buy", 
        "amount": "0.00050346"
    }, 
    {
        "date": "1579375137", 
        "tid": "14387999", 
        "price": "120799000", 
        "type": "sell", 
        "amount": "0.00323659"
    }, 
    {
        "date": "1579375133", 
        "tid": "14387998", 
        "price": "120799000", 
        "type": "buy", 
        "amount": "0.00089569"
    }, 
    {
        "date": "1579375003", 
        "tid": "14387997", 
        "price": "120800000", 
        "type": "buy", 
        "amount": "0.00875297"
    }, 
    {
        "date": "1579375003", 
        "tid": "14387996", 
        "price": "120799000", 
        "type": "buy", 
        "amount": "0.03903564"
    }, 
    {
        "date": "1579375003", 
        "tid": "14387995", 
        "price": "120785000", 
        "type": "buy", 
        "amount": "0.00680000"
    }, 
    {
        "date": "1579375003", 
        "tid": "14387994", 
        "price": "120775000", 
        "type": "buy", 
        "amount": "0.01499999"
    }, 
    {
        "date": "1579374900", 
        "tid": "14387993", 
        "price": "120744000", 
        "type": "sell", 
        "amount": "0.01500000"
    }, 
    {
        "date": "1579374874", 
        "tid": "14387992", 
        "price": "120785000", 
        "type": "buy", 
        "amount": "0.05759497"
    }, 
    {
        "date": "1579374874", 
        "tid": "14387991", 
        "price": "120784000", 
        "type": "buy", 
        "amount": "0.00089580"
    }, 
    {
        "date": "1579374627", 
        "tid": "14387990", 
        "price": "120798000", 
        "type": "buy", 
        "amount": "0.00036514"
    }, 
    {
        "date": "1579374627", 
        "tid": "14387989", 
        "price": "120797000", 
        "type": "buy", 
        "amount": "0.00223925"
    }, 
    {
        "date": "1579374627", 
        "tid": "14387988", 
        "price": "120796000", 
        "type": "buy", 
        "amount": "0.00156749"
    }, 
    {
        "date": "1579374627", 
        "tid": "14387987", 
        "price": "120795000", 
        "type": "buy", 
        "amount": "0.00089572"
    }, 
    {
        "date": "1579374627", 
        "tid": "14387986", 
        "price": "120779000", 
        "type": "buy", 
        "amount": "0.00048156"
    }, 
    {
        "date": "1579374627", 
        "tid": "14387985", 
        "price": "120775000", 
        "type": "buy", 
        "amount": "0.00004659"
    }, 
    {
        "date": "1579374611", 
        "tid": "14387984", 
        "price": "120775000", 
        "type": "buy", 
        "amount": "0.00239436"
    }, 
    {
        "date": "1579374611", 
        "tid": "14387983", 
        "price": "120765000", 
        "type": "buy", 
        "amount": "0.00067496"
    }, 
    {
        "date": "1579374611", 
        "tid": "14387982", 
        "price": "120750000", 
        "type": "buy", 
        "amount": "0.00882443"
    }, 
    {
        "date": "1579374611", 
        "tid": "14387981", 
        "price": "120744000", 
        "type": "buy", 
        "amount": "0.00007098"
    }, 
    {
        "date": "1579374592", 
        "tid": "14387980", 
        "price": "120744000", 
        "type": "buy", 
        "amount": "0.00314957"
    }, 
    {
        "date": "1579374592", 
        "tid": "14387979", 
        "price": "120729000", 
        "type": "buy", 
        "amount": "0.00056654"
    }, 
    {
        "date": "1579374592", 
        "tid": "14387978", 
        "price": "120714000", 
        "type": "buy", 
        "amount": "0.00244095"
    }, 
    {
        "date": "1579374592", 
        "tid": "14387977", 
        "price": "120705000", 
        "type": "buy", 
        "amount": "0.00066652"
    }, 
    {
        "date": "1579374592", 
        "tid": "14387976", 
        "price": "120701000", 
        "type": "buy", 
        "amount": "0.00339502"
    }, 
    {
        "date": "1579374578", 
        "tid": "14387975", 
        "price": "120701000", 
        "type": "buy", 
        "amount": "0.00134534"
    }, 
    {
        "date": "1579374578", 
        "tid": "14387974", 
        "price": "120700000", 
        "type": "buy", 
        "amount": "0.00005468"
    }, 
    {
        "date": "1579374567", 
        "tid": "14387973", 
        "price": "120700000", 
        "type": "buy", 
        "amount": "0.00841732"
    }, 
    {
        "date": "1579374567", 
        "tid": "14387972", 
        "price": "120683000", 
        "type": "buy", 
        "amount": "0.00244095"
    }, 
    {
        "date": "1579374567", 
        "tid": "14387971", 
        "price": "120659000", 
        "type": "buy", 
        "amount": "0.00077960"
    }, 
    {
        "date": "1579374567", 
        "tid": "14387970", 
        "price": "120653000", 
        "type": "buy", 
        "amount": "0.00005300"
    }, 
    {
        "date": "1579374559", 
        "tid": "14387969", 
        "price": "120653000", 
        "type": "buy", 
        "amount": "0.00188335"
    }, 
    {
        "date": "1579374559", 
        "tid": "14387968", 
        "price": "120622000", 
        "type": "buy", 
        "amount": "0.00244095"
    }, 
    {
        "date": "1579374559", 
        "tid": "14387967", 
        "price": "120591000", 
        "type": "buy", 
        "amount": "0.00244095"
    }, 
    {
        "date": "1579374559", 
        "tid": "14387966", 
        "price": "120574000", 
        "type": "buy", 
        "amount": "0.00077960"
    }, 
    {
        "date": "1579374559", 
        "tid": "14387965", 
        "price": "120561000", 
        "type": "buy", 
        "amount": "0.00244095"
    }, 
    {
        "date": "1579374559", 
        "tid": "14387964", 
        "price": "120530000", 
        "type": "buy", 
        "amount": "0.00010270"
    }, 
    {
        "date": "1579374548", 
        "tid": "14387963", 
        "price": "120530000", 
        "type": "buy", 
        "amount": "0.00233825"
    }, 
    {
        "date": "1579374548", 
        "tid": "14387962", 
        "price": "120500000", 
        "type": "buy", 
        "amount": "0.00244095"
    }, 
    {
        "date": "1579374548", 
        "tid": "14387961", 
        "price": "120489000", 
        "type": "buy", 
        "amount": "0.00665000"
    }, 
    {
        "date": "1579374315", 
        "tid": "14387960", 
        "price": "120438000", 
        "type": "sell", 
        "amount": "0.00103549"
    }, 
    {
        "date": "1579374315", 
        "tid": "14387959", 
        "price": "120469000", 
        "type": "sell", 
        "amount": "0.00244095"
    }, 
    {
        "date": "1579374304", 
        "tid": "14387958", 
        "price": "120488000", 
        "type": "buy", 
        "amount": "0.00786102"
    }, 
    {
        "date": "1579374231", 
        "tid": "14387957", 
        "price": "120488000", 
        "type": "buy", 
        "amount": "0.05549546"
    }, 
    {
        "date": "1579374231", 
        "tid": "14387956", 
        "price": "120478000", 
        "type": "buy", 
        "amount": "0.00126419"
    }, 
    {
        "date": "1579374190", 
        "tid": "14387955", 
        "price": "120488000", 
        "type": "buy", 
        "amount": "0.00820595"
    }, 
    {
        "date": "1579374155", 
        "tid": "14387954", 
        "price": "120489000", 
        "type": "sell", 
        "amount": "0.09706213"
    }, 
    {
        "date": "1579374155", 
        "tid": "14387953", 
        "price": "120491000", 
        "type": "sell", 
        "amount": "0.00294835"
    }, 
    {
        "date": "1579374143", 
        "tid": "14387952", 
        "price": "120495000", 
        "type": "sell", 
        "amount": "0.00682491"
    }, 
    {
        "date": "1579374125", 
        "tid": "14387951", 
        "price": "120500000", 
        "type": "sell", 
        "amount": "0.00604435"
    }, 
    {
        "date": "1579373914", 
        "tid": "14387950", 
        "price": "120577000", 
        "type": "buy", 
        "amount": "0.02248919"
    }, 
    {
        "date": "1579373903", 
        "tid": "14387949", 
        "price": "120500000", 
        "type": "sell", 
        "amount": "0.00054596"
    }, 
    {
        "date": "1579373903", 
        "tid": "14387948", 
        "price": "120530000", 
        "type": "sell", 
        "amount": "0.00244096"
    }, 
    {
        "date": "1579373903", 
        "tid": "14387947", 
        "price": "120561000", 
        "type": "sell", 
        "amount": "0.00201308"
    }, 
    {
        "date": "1579373888", 
        "tid": "14387946", 
        "price": "120582000", 
        "type": "buy", 
        "amount": "0.00245568"
    }, 
    {
        "date": "1579373853", 
        "tid": "14387945", 
        "price": "120591000", 
        "type": "sell", 
        "amount": "0.00244096"
    }, 
    {
        "date": "1579373777", 
        "tid": "14387944", 
        "price": "120653000", 
        "type": "buy", 
        "amount": "0.00050460"
    }, 
    {
        "date": "1579373777", 
        "tid": "14387943", 
        "price": "120622000", 
        "type": "buy", 
        "amount": "0.00120292"
    }, 
    {
        "date": "1579373709", 
        "tid": "14387942", 
        "price": "120562000", 
        "type": "sell", 
        "amount": "0.00394292"
    }, 
    {
        "date": "1579373681", 
        "tid": "14387941", 
        "price": "120562000", 
        "type": "sell", 
        "amount": "0.00054061"
    }, 
    {
        "date": "1579373639", 
        "tid": "14387940", 
        "price": "120562000", 
        "type": "sell", 
        "amount": "0.00065508"
    }, 
    {
        "date": "1579373535", 
        "tid": "14387939", 
        "price": "120561000", 
        "type": "sell", 
        "amount": "0.00042786"
    }, 
    {
        "date": "1579373485", 
        "tid": "14387938", 
        "price": "120622000", 
        "type": "buy", 
        "amount": "0.00123803"
    }, 
    {
        "date": "1579373485", 
        "tid": "14387937", 
        "price": "120591000", 
        "type": "buy", 
        "amount": "0.00244095"
    }, 
    {
        "date": "1579373485", 
        "tid": "14387936", 
        "price": "120561000", 
        "type": "buy", 
        "amount": "0.00244095"
    }, 
    {
        "date": "1579373485", 
        "tid": "14387935", 
        "price": "120530000", 
        "type": "buy", 
        "amount": "0.00033900"
    }, 
    {
        "date": "1579373302", 
        "tid": "14387934", 
        "price": "120495000", 
        "type": "sell", 
        "amount": "0.00229448"
    }, 
    {
        "date": "1579373302", 
        "tid": "14387933", 
        "price": "120496000", 
        "type": "sell", 
        "amount": "0.02912978"
    }, 
    {
        "date": "1579373302", 
        "tid": "14387932", 
        "price": "120500000", 
        "type": "sell", 
        "amount": "0.00012703"
    }, 
    {
        "date": "1579373293", 
        "tid": "14387931", 
        "price": "120530000", 
        "type": "buy", 
        "amount": "0.00042786"
    }, 
    {
        "date": "1579373191", 
        "tid": "14387930", 
        "price": "120530000", 
        "type": "buy", 
        "amount": "0.00167409"
    }, 
    {
        "date": "1579373169", 
        "tid": "14387929", 
        "price": "120500000", 
        "type": "sell", 
        "amount": "0.00480353"
    }, 
    {
        "date": "1579373169", 
        "tid": "14387928", 
        "price": "120530000", 
        "type": "sell", 
        "amount": "0.00244096"
    }, 
    {
        "date": "1579373169", 
        "tid": "14387927", 
        "price": "120561000", 
        "type": "sell", 
        "amount": "0.00244094"
    }, 
    {
        "date": "1579373169", 
        "tid": "14387926", 
        "price": "120574000", 
        "type": "sell", 
        "amount": "0.00077959"
    }, 
    {
        "date": "1579373169", 
        "tid": "14387925", 
        "price": "120591000", 
        "type": "sell", 
        "amount": "0.00016325"
    }, 
    {
        "date": "1579373157", 
        "tid": "14387924", 
        "price": "120591000", 
        "type": "sell", 
        "amount": "0.00227771"
    }, 
    {
        "date": "1579373157", 
        "tid": "14387923", 
        "price": "120622000", 
        "type": "sell", 
        "amount": "0.00244095"
    }, 
    {
        "date": "1579373157", 
        "tid": "14387922", 
        "price": "120660000", 
        "type": "sell", 
        "amount": "0.00681006"
    }, 
    {
        "date": "1579373149", 
        "tid": "14387921", 
        "price": "120660000", 
        "type": "sell", 
        "amount": "0.00606662"
    }, 
    {
        "date": "1579373134", 
        "tid": "14387920", 
        "price": "120660000", 
        "type": "sell", 
        "amount": "0.03033312"
    }, 
    {
        "date": "1579373118", 
        "tid": "14387919", 
        "price": "120660000", 
        "type": "sell", 
        "amount": "0.00242664"
    }, 
    {
        "date": "1579373110", 
        "tid": "14387918", 
        "price": "120660000", 
        "type": "sell", 
        "amount": "0.02960085"
    }, 
    {
        "date": "1579373044", 
        "tid": "14387917", 
        "price": "120660000", 
        "type": "buy", 
        "amount": "0.00088066"
    }, 
    {
        "date": "1579373044", 
        "tid": "14387916", 
        "price": "120659000", 
        "type": "buy", 
        "amount": "0.00077960"
    }, 
    {
        "date": "1579373044", 
        "tid": "14387915", 
        "price": "120653000", 
        "type": "buy", 
        "amount": "0.00244095"
    }, 
    {
        "date": "1579373044", 
        "tid": "14387914", 
        "price": "120622000", 
        "type": "buy", 
        "amount": "0.00244095"
    }, 
    {
        "date": "1579373044", 
        "tid": "14387913", 
        "price": "120591000", 
        "type": "buy", 
        "amount": "0.00107678"
    }, 
    {
        "date": "1579372953", 
        "tid": "14387912", 
        "price": "120591000", 
        "type": "buy", 
        "amount": "0.00136417"
    }, 
    {
        "date": "1579372749", 
        "tid": "14387911", 
        "price": "120663000", 
        "type": "buy", 
        "amount": "0.00654763"
    }, 
    {
        "date": "1579372749", 
        "tid": "14387910", 
        "price": "120560000", 
        "type": "buy", 
        "amount": "0.00222106"
    }, 
    {
        "date": "1579372747", 
        "tid": "14387909", 
        "price": "120560000", 
        "type": "buy", 
        "amount": "0.00243429"
    }, 
    {
        "date": "1579372747", 
        "tid": "14387908", 
        "price": "120560000", 
        "type": "buy", 
        "amount": "0.00243491"
    }, 
    {
        "date": "1579372746", 
        "tid": "14387907", 
        "price": "120560000", 
        "type": "buy", 
        "amount": "0.00077735"
    }, 
    {
        "date": "1579372744", 
        "tid": "14387906", 
        "price": "120561000", 
        "type": "sell", 
        "amount": "0.00444269"
    }, 
    {
        "date": "1579372732", 
        "tid": "14387905", 
        "price": "120663000", 
        "type": "buy", 
        "amount": "0.03502696"
    }, 
    {
        "date": "1579372732", 
        "tid": "14387904", 
        "price": "120659000", 
        "type": "buy", 
        "amount": "0.00077960"
    }, 
    {
        "date": "1579372732", 
        "tid": "14387903", 
        "price": "120655000", 
        "type": "buy", 
        "amount": "0.00090000"
    }, 
    {
        "date": "1579372732", 
        "tid": "14387902", 
        "price": "120653000", 
        "type": "buy", 
        "amount": "0.00244095"
    }, 
    {
        "date": "1579372732", 
        "tid": "14387901", 
        "price": "120622000", 
        "type": "buy", 
        "amount": "0.00221853"
    }, 
    {
        "date": "1579372732", 
        "tid": "14387900", 
        "price": "120562000", 
        "type": "buy", 
        "amount": "0.00515297"
    }, 
    {
        "date": "1579372706", 
        "tid": "14387899", 
        "price": "120562000", 
        "type": "buy", 
        "amount": "0.01521674"
    }
]