[
    {
        "date": "1579305340", 
        "tid": "14384674", 
        "price": "120732000", 
        "type": "sell", 
        "amount": "0.00269144"
    }, 
    {
        "date": "1579305337", 
        "tid": "14384673", 
        "price": "120795000", 
        "type": "buy", 
        "amount": "0.00057549"
    }, 
    {
        "date": "1579305337", 
        "tid": "14384672", 
        "price": "120794000", 
        "type": "buy", 
        "amount": "0.00190565"
    }, 
    {
        "date": "1579305311", 
        "tid": "14384671", 
        "price": "120732000", 
        "type": "sell", 
        "amount": "0.00752022"
    }, 
    {
        "date": "1579305301", 
        "tid": "14384670", 
        "price": "120732000", 
        "type": "sell", 
        "amount": "0.00752022"
    }, 
    {
        "date": "1579305292", 
        "tid": "14384669", 
        "price": "120732000", 
        "type": "sell", 
        "amount": "0.00389884"
    }, 
    {
        "date": "1579305292", 
        "tid": "14384668", 
        "price": "120733000", 
        "type": "sell", 
        "amount": "0.00362137"
    }, 
    {
        "date": "1579305274", 
        "tid": "14384667", 
        "price": "120733000", 
        "type": "sell", 
        "amount": "0.00752015"
    }, 
    {
        "date": "1579305266", 
        "tid": "14384666", 
        "price": "120733000", 
        "type": "sell", 
        "amount": "0.00752015"
    }, 
    {
        "date": "1579305212", 
        "tid": "14384665", 
        "price": "120733000", 
        "type": "sell", 
        "amount": "0.00752015"
    }, 
    {
        "date": "1579305199", 
        "tid": "14384664", 
        "price": "120733000", 
        "type": "sell", 
        "amount": "0.00752015"
    }, 
    {
        "date": "1579305191", 
        "tid": "14384663", 
        "price": "120733000", 
        "type": "sell", 
        "amount": "0.00752015"
    }, 
    {
        "date": "1579305180", 
        "tid": "14384662", 
        "price": "120733000", 
        "type": "sell", 
        "amount": "0.00752015"
    }, 
    {
        "date": "1579305156", 
        "tid": "14384661", 
        "price": "120733000", 
        "type": "sell", 
        "amount": "0.00752015"
    }, 
    {
        "date": "1579305129", 
        "tid": "14384660", 
        "price": "120733000", 
        "type": "sell", 
        "amount": "0.00014441"
    }, 
    {
        "date": "1579305129", 
        "tid": "14384659", 
        "price": "120742000", 
        "type": "sell", 
        "amount": "0.00737537"
    }, 
    {
        "date": "1579305058", 
        "tid": "14384658", 
        "price": "120800000", 
        "type": "sell", 
        "amount": "0.00903670"
    }, 
    {
        "date": "1579305047", 
        "tid": "14384657", 
        "price": "120800000", 
        "type": "sell", 
        "amount": "0.00751959"
    }, 
    {
        "date": "1579304964", 
        "tid": "14384656", 
        "price": "120890000", 
        "type": "buy", 
        "amount": "0.00097094"
    }, 
    {
        "date": "1579304964", 
        "tid": "14384655", 
        "price": "120743000", 
        "type": "buy", 
        "amount": "0.00125066"
    }, 
    {
        "date": "1579304936", 
        "tid": "14384654", 
        "price": "120896000", 
        "type": "buy", 
        "amount": "0.00563172"
    }, 
    {
        "date": "1579304936", 
        "tid": "14384653", 
        "price": "120800000", 
        "type": "buy", 
        "amount": "0.00542445"
    }, 
    {
        "date": "1579304936", 
        "tid": "14384652", 
        "price": "120746000", 
        "type": "buy", 
        "amount": "0.00008706"
    }, 
    {
        "date": "1579304917", 
        "tid": "14384651", 
        "price": "120742000", 
        "type": "sell", 
        "amount": "0.03000000"
    }, 
    {
        "date": "1579304744", 
        "tid": "14384650", 
        "price": "120746000", 
        "type": "buy", 
        "amount": "0.00053491"
    }, 
    {
        "date": "1579304672", 
        "tid": "14384649", 
        "price": "120742000", 
        "type": "sell", 
        "amount": "0.00403524"
    }, 
    {
        "date": "1579304672", 
        "tid": "14384648", 
        "price": "120743000", 
        "type": "sell", 
        "amount": "0.00497009"
    }, 
    {
        "date": "1579304672", 
        "tid": "14384647", 
        "price": "120745000", 
        "type": "sell", 
        "amount": "0.00000368"
    }, 
    {
        "date": "1579304582", 
        "tid": "14384646", 
        "price": "120800000", 
        "type": "buy", 
        "amount": "0.00707662"
    }, 
    {
        "date": "1579304483", 
        "tid": "14384645", 
        "price": "120745000", 
        "type": "sell", 
        "amount": "0.00825338"
    }, 
    {
        "date": "1579304423", 
        "tid": "14384644", 
        "price": "120745000", 
        "type": "sell", 
        "amount": "0.11663464"
    }, 
    {
        "date": "1579304422", 
        "tid": "14384643", 
        "price": "120745000", 
        "type": "sell", 
        "amount": "0.00199831"
    }, 
    {
        "date": "1579304422", 
        "tid": "14384642", 
        "price": "120746000", 
        "type": "sell", 
        "amount": "0.00042303"
    }, 
    {
        "date": "1579304363", 
        "tid": "14384641", 
        "price": "120744000", 
        "type": "buy", 
        "amount": "0.00200146"
    }, 
    {
        "date": "1579304235", 
        "tid": "14384640", 
        "price": "120744000", 
        "type": "buy", 
        "amount": "0.00042112"
    }, 
    {
        "date": "1579304001", 
        "tid": "14384639", 
        "price": "120743000", 
        "type": "sell", 
        "amount": "0.00190000"
    }, 
    {
        "date": "1579304001", 
        "tid": "14384638", 
        "price": "120734000", 
        "type": "buy", 
        "amount": "0.00415541"
    }, 
    {
        "date": "1579303722", 
        "tid": "14384637", 
        "price": "120733000", 
        "type": "sell", 
        "amount": "0.00187468"
    }, 
    {
        "date": "1579303722", 
        "tid": "14384636", 
        "price": "120750000", 
        "type": "sell", 
        "amount": "0.00050471"
    }, 
    {
        "date": "1579303626", 
        "tid": "14384635", 
        "price": "120899000", 
        "type": "sell", 
        "amount": "0.00330854"
    }, 
    {
        "date": "1579303614", 
        "tid": "14384634", 
        "price": "120902000", 
        "type": "sell", 
        "amount": "0.43622939"
    }, 
    {
        "date": "1579303610", 
        "tid": "14384633", 
        "price": "120903000", 
        "type": "sell", 
        "amount": "0.00100000"
    }, 
    {
        "date": "1579303602", 
        "tid": "14384632", 
        "price": "120905000", 
        "type": "sell", 
        "amount": "0.00483184"
    }, 
    {
        "date": "1579303591", 
        "tid": "14384631", 
        "price": "120908000", 
        "type": "sell", 
        "amount": "0.04135375"
    }, 
    {
        "date": "1579303548", 
        "tid": "14384630", 
        "price": "120998000", 
        "type": "sell", 
        "amount": "0.05881218"
    }, 
    {
        "date": "1579303525", 
        "tid": "14384629", 
        "price": "120998000", 
        "type": "sell", 
        "amount": "0.00289573"
    }, 
    {
        "date": "1579303389", 
        "tid": "14384628", 
        "price": "120999000", 
        "type": "buy", 
        "amount": "0.02052676"
    }, 
    {
        "date": "1579303378", 
        "tid": "14384627", 
        "price": "120999000", 
        "type": "buy", 
        "amount": "0.01385669"
    }, 
    {
        "date": "1579303378", 
        "tid": "14384626", 
        "price": "120989000", 
        "type": "buy", 
        "amount": "0.00100000"
    }, 
    {
        "date": "1579303378", 
        "tid": "14384625", 
        "price": "120985000", 
        "type": "buy", 
        "amount": "0.00260000"
    }, 
    {
        "date": "1579302910", 
        "tid": "14384624", 
        "price": "120999000", 
        "type": "buy", 
        "amount": "0.00082398"
    }, 
    {
        "date": "1579302613", 
        "tid": "14384623", 
        "price": "120998000", 
        "type": "sell", 
        "amount": "0.00059750"
    }, 
    {
        "date": "1579302564", 
        "tid": "14384622", 
        "price": "120902000", 
        "type": "sell", 
        "amount": "0.05000000"
    }, 
    {
        "date": "1579302520", 
        "tid": "14384621", 
        "price": "121000000", 
        "type": "buy", 
        "amount": "0.17017471"
    }, 
    {
        "date": "1579302520", 
        "tid": "14384620", 
        "price": "120999000", 
        "type": "buy", 
        "amount": "0.00090411"
    }, 
    {
        "date": "1579302520", 
        "tid": "14384619", 
        "price": "120998000", 
        "type": "buy", 
        "amount": "0.00044034"
    }, 
    {
        "date": "1579302520", 
        "tid": "14384618", 
        "price": "120995000", 
        "type": "buy", 
        "amount": "0.03825241"
    }, 
    {
        "date": "1579302520", 
        "tid": "14384617", 
        "price": "120991000", 
        "type": "buy", 
        "amount": "0.05006258"
    }, 
    {
        "date": "1579302520", 
        "tid": "14384616", 
        "price": "120989000", 
        "type": "buy", 
        "amount": "0.00067890"
    }, 
    {
        "date": "1579302520", 
        "tid": "14384615", 
        "price": "120977000", 
        "type": "buy", 
        "amount": "0.10049000"
    }, 
    {
        "date": "1579302520", 
        "tid": "14384614", 
        "price": "120976000", 
        "type": "buy", 
        "amount": "0.00513806"
    }, 
    {
        "date": "1579302520", 
        "tid": "14384613", 
        "price": "120975000", 
        "type": "buy", 
        "amount": "0.00094892"
    }, 
    {
        "date": "1579302520", 
        "tid": "14384612", 
        "price": "120950000", 
        "type": "buy", 
        "amount": "0.00659491"
    }, 
    {
        "date": "1579302520", 
        "tid": "14384611", 
        "price": "120927000", 
        "type": "buy", 
        "amount": "0.00100000"
    }, 
    {
        "date": "1579302520", 
        "tid": "14384610", 
        "price": "120909000", 
        "type": "buy", 
        "amount": "0.01232183"
    }, 
    {
        "date": "1579302519", 
        "tid": "14384609", 
        "price": "120902000", 
        "type": "sell", 
        "amount": "0.00284693"
    }, 
    {
        "date": "1579302491", 
        "tid": "14384608", 
        "price": "120909000", 
        "type": "buy", 
        "amount": "0.00041230"
    }, 
    {
        "date": "1579302480", 
        "tid": "14384607", 
        "price": "120902000", 
        "type": "buy", 
        "amount": "0.25256271"
    }, 
    {
        "date": "1579302406", 
        "tid": "14384606", 
        "price": "120902000", 
        "type": "buy", 
        "amount": "0.17981425"
    }, 
    {
        "date": "1579302406", 
        "tid": "14384605", 
        "price": "120901000", 
        "type": "buy", 
        "amount": "0.00090485"
    }, 
    {
        "date": "1579302394", 
        "tid": "14384604", 
        "price": "120902000", 
        "type": "buy", 
        "amount": "0.06762304"
    }, 
    {
        "date": "1579302394", 
        "tid": "14384603", 
        "price": "120901000", 
        "type": "buy", 
        "amount": "0.04172813"
    }, 
    {
        "date": "1579302394", 
        "tid": "14384602", 
        "price": "120900000", 
        "type": "buy", 
        "amount": "0.19184838"
    }, 
    {
        "date": "1579302372", 
        "tid": "14384601", 
        "price": "120899000", 
        "type": "sell", 
        "amount": "0.12715843"
    }, 
    {
        "date": "1579302134", 
        "tid": "14384600", 
        "price": "120899000", 
        "type": "sell", 
        "amount": "0.00251992"
    }, 
    {
        "date": "1579301623", 
        "tid": "14384599", 
        "price": "120898000", 
        "type": "sell", 
        "amount": "0.00119895"
    }, 
    {
        "date": "1579301621", 
        "tid": "14384598", 
        "price": "120900000", 
        "type": "buy", 
        "amount": "0.17008076"
    }, 
    {
        "date": "1579301621", 
        "tid": "14384597", 
        "price": "120899000", 
        "type": "buy", 
        "amount": "0.00563920"
    }, 
    {
        "date": "1579301621", 
        "tid": "14384596", 
        "price": "120898000", 
        "type": "buy", 
        "amount": "0.04135751"
    }, 
    {
        "date": "1579301548", 
        "tid": "14384595", 
        "price": "120897000", 
        "type": "sell", 
        "amount": "0.01019357"
    }, 
    {
        "date": "1579301414", 
        "tid": "14384594", 
        "price": "120734000", 
        "type": "sell", 
        "amount": "0.00688873"
    }, 
    {
        "date": "1579301368", 
        "tid": "14384593", 
        "price": "120733000", 
        "type": "sell", 
        "amount": "0.00122014"
    }, 
    {
        "date": "1579301358", 
        "tid": "14384592", 
        "price": "120733000", 
        "type": "sell", 
        "amount": "0.00291043"
    }, 
    {
        "date": "1579301358", 
        "tid": "14384591", 
        "price": "120736000", 
        "type": "sell", 
        "amount": "0.00542157"
    }, 
    {
        "date": "1579301243", 
        "tid": "14384590", 
        "price": "120897000", 
        "type": "buy", 
        "amount": "0.00780400"
    }, 
    {
        "date": "1579301243", 
        "tid": "14384589", 
        "price": "120867000", 
        "type": "buy", 
        "amount": "0.00256592"
    }, 
    {
        "date": "1579301243", 
        "tid": "14384588", 
        "price": "120843000", 
        "type": "buy", 
        "amount": "0.00112200"
    }, 
    {
        "date": "1579301243", 
        "tid": "14384587", 
        "price": "120822000", 
        "type": "buy", 
        "amount": "0.00665147"
    }, 
    {
        "date": "1579301243", 
        "tid": "14384586", 
        "price": "120819000", 
        "type": "buy", 
        "amount": "0.00630000"
    }, 
    {
        "date": "1579301243", 
        "tid": "14384585", 
        "price": "120816000", 
        "type": "buy", 
        "amount": "0.00244472"
    }, 
    {
        "date": "1579301243", 
        "tid": "14384584", 
        "price": "120801000", 
        "type": "buy", 
        "amount": "0.00074470"
    }, 
    {
        "date": "1579301243", 
        "tid": "14384583", 
        "price": "120792000", 
        "type": "buy", 
        "amount": "0.00602328"
    }, 
    {
        "date": "1579301243", 
        "tid": "14384582", 
        "price": "120789000", 
        "type": "buy", 
        "amount": "0.00583822"
    }, 
    {
        "date": "1579301243", 
        "tid": "14384581", 
        "price": "120750000", 
        "type": "buy", 
        "amount": "0.00050472"
    }, 
    {
        "date": "1579301243", 
        "tid": "14384580", 
        "price": "120734000", 
        "type": "buy", 
        "amount": "0.09299992"
    }, 
    {
        "date": "1579301177", 
        "tid": "14384579", 
        "price": "120610000", 
        "type": "sell", 
        "amount": "0.00636531"
    }, 
    {
        "date": "1579301165", 
        "tid": "14384578", 
        "price": "120734000", 
        "type": "buy", 
        "amount": "0.00166552"
    }, 
    {
        "date": "1579301153", 
        "tid": "14384577", 
        "price": "120527000", 
        "type": "sell", 
        "amount": "0.28164793"
    }, 
    {
        "date": "1579301137", 
        "tid": "14384576", 
        "price": "120527000", 
        "type": "sell", 
        "amount": "0.00340296"
    }, 
    {
        "date": "1579300995", 
        "tid": "14384575", 
        "price": "120525000", 
        "type": "buy", 
        "amount": "0.00336629"
    }, 
    {
        "date": "1579300824", 
        "tid": "14384574", 
        "price": "120733000", 
        "type": "buy", 
        "amount": "0.01138460"
    }, 
    {
        "date": "1579300824", 
        "tid": "14384573", 
        "price": "120732000", 
        "type": "buy", 
        "amount": "0.00343848"
    }, 
    {
        "date": "1579300813", 
        "tid": "14384572", 
        "price": "120732000", 
        "type": "buy", 
        "amount": "0.07304485"
    }, 
    {
        "date": "1579300778", 
        "tid": "14384571", 
        "price": "120734000", 
        "type": "buy", 
        "amount": "0.08192485"
    }, 
    {
        "date": "1579300776", 
        "tid": "14384570", 
        "price": "120734000", 
        "type": "buy", 
        "amount": "0.00695699"
    }, 
    {
        "date": "1579300768", 
        "tid": "14384569", 
        "price": "120735000", 
        "type": "buy", 
        "amount": "0.00695693"
    }, 
    {
        "date": "1579300761", 
        "tid": "14384568", 
        "price": "120735000", 
        "type": "buy", 
        "amount": "0.00456505"
    }, 
    {
        "date": "1579300761", 
        "tid": "14384567", 
        "price": "120702000", 
        "type": "buy", 
        "amount": "0.00171384"
    }, 
    {
        "date": "1579300761", 
        "tid": "14384566", 
        "price": "120670000", 
        "type": "buy", 
        "amount": "0.00067890"
    }, 
    {
        "date": "1579300753", 
        "tid": "14384565", 
        "price": "120669000", 
        "type": "buy", 
        "amount": "0.00594767"
    }, 
    {
        "date": "1579300753", 
        "tid": "14384564", 
        "price": "120668000", 
        "type": "buy", 
        "amount": "0.00101308"
    }, 
    {
        "date": "1579300745", 
        "tid": "14384563", 
        "price": "120668000", 
        "type": "buy", 
        "amount": "0.00178719"
    }, 
    {
        "date": "1579300745", 
        "tid": "14384562", 
        "price": "120632000", 
        "type": "buy", 
        "amount": "0.00044034"
    }, 
    {
        "date": "1579300745", 
        "tid": "14384561", 
        "price": "120619000", 
        "type": "buy", 
        "amount": "0.00256592"
    }, 
    {
        "date": "1579300745", 
        "tid": "14384560", 
        "price": "120617000", 
        "type": "buy", 
        "amount": "0.00112200"
    }, 
    {
        "date": "1579300745", 
        "tid": "14384559", 
        "price": "120612000", 
        "type": "buy", 
        "amount": "0.00104752"
    }, 
    {
        "date": "1579300701", 
        "tid": "14384558", 
        "price": "120612000", 
        "type": "buy", 
        "amount": "0.00139720"
    }, 
    {
        "date": "1579300701", 
        "tid": "14384557", 
        "price": "120565000", 
        "type": "buy", 
        "amount": "0.00128751"
    }, 
    {
        "date": "1579300701", 
        "tid": "14384556", 
        "price": "120513000", 
        "type": "buy", 
        "amount": "0.00076830"
    }, 
    {
        "date": "1579300701", 
        "tid": "14384555", 
        "price": "120500000", 
        "type": "buy", 
        "amount": "0.32750229"
    }, 
    {
        "date": "1579300655", 
        "tid": "14384554", 
        "price": "120500000", 
        "type": "buy", 
        "amount": "0.00697050"
    }, 
    {
        "date": "1579300647", 
        "tid": "14384553", 
        "price": "120500000", 
        "type": "buy", 
        "amount": "0.00697050"
    }, 
    {
        "date": "1579300623", 
        "tid": "14384552", 
        "price": "120499000", 
        "type": "sell", 
        "amount": "0.09909118"
    }, 
    {
        "date": "1579300516", 
        "tid": "14384551", 
        "price": "120500000", 
        "type": "buy", 
        "amount": "0.01262115"
    }, 
    {
        "date": "1579300481", 
        "tid": "14384550", 
        "price": "120500000", 
        "type": "buy", 
        "amount": "0.00606851"
    }, 
    {
        "date": "1579300481", 
        "tid": "14384549", 
        "price": "120489000", 
        "type": "buy", 
        "amount": "0.00523268"
    }, 
    {
        "date": "1579300468", 
        "tid": "14384548", 
        "price": "120489000", 
        "type": "buy", 
        "amount": "0.01823220"
    }, 
    {
        "date": "1579300460", 
        "tid": "14384547", 
        "price": "120489000", 
        "type": "buy", 
        "amount": "0.00914479"
    }, 
    {
        "date": "1579300460", 
        "tid": "14384546", 
        "price": "120486000", 
        "type": "buy", 
        "amount": "0.01079309"
    }, 
    {
        "date": "1579300460", 
        "tid": "14384545", 
        "price": "120475000", 
        "type": "buy", 
        "amount": "0.00811290"
    }, 
    {
        "date": "1579300452", 
        "tid": "14384544", 
        "price": "120475000", 
        "type": "buy", 
        "amount": "0.02384488"
    }, 
    {
        "date": "1579300442", 
        "tid": "14384543", 
        "price": "120475000", 
        "type": "buy", 
        "amount": "0.00273629"
    }, 
    {
        "date": "1579300442", 
        "tid": "14384542", 
        "price": "120474000", 
        "type": "buy", 
        "amount": "0.02531673"
    }, 
    {
        "date": "1579300400", 
        "tid": "14384541", 
        "price": "120474000", 
        "type": "buy", 
        "amount": "0.01241358"
    }, 
    {
        "date": "1579300380", 
        "tid": "14384540", 
        "price": "120474000", 
        "type": "buy", 
        "amount": "0.00103447"
    }, 
    {
        "date": "1579300339", 
        "tid": "14384539", 
        "price": "120475000", 
        "type": "buy", 
        "amount": "0.00680866"
    }, 
    {
        "date": "1579300248", 
        "tid": "14384538", 
        "price": "120474000", 
        "type": "buy", 
        "amount": "0.00048420"
    }, 
    {
        "date": "1579300199", 
        "tid": "14384537", 
        "price": "120474000", 
        "type": "buy", 
        "amount": "0.00163031"
    }, 
    {
        "date": "1579300121", 
        "tid": "14384536", 
        "price": "120301000", 
        "type": "sell", 
        "amount": "0.00045169"
    }, 
    {
        "date": "1579300112", 
        "tid": "14384535", 
        "price": "120301000", 
        "type": "sell", 
        "amount": "0.00042669"
    }, 
    {
        "date": "1579300011", 
        "tid": "14384534", 
        "price": "120301000", 
        "type": "sell", 
        "amount": "0.00085105"
    }, 
    {
        "date": "1579299994", 
        "tid": "14384533", 
        "price": "120486000", 
        "type": "buy", 
        "amount": "0.01903226"
    }, 
    {
        "date": "1579299946", 
        "tid": "14384532", 
        "price": "120300000", 
        "type": "sell", 
        "amount": "0.00571717"
    }, 
    {
        "date": "1579299892", 
        "tid": "14384531", 
        "price": "120300000", 
        "type": "sell", 
        "amount": "0.01682585"
    }, 
    {
        "date": "1579299892", 
        "tid": "14384530", 
        "price": "120485000", 
        "type": "sell", 
        "amount": "0.01247814"
    }, 
    {
        "date": "1579299755", 
        "tid": "14384529", 
        "price": "120485000", 
        "type": "sell", 
        "amount": "0.00207900"
    }, 
    {
        "date": "1579299557", 
        "tid": "14384528", 
        "price": "120485000", 
        "type": "sell", 
        "amount": "0.08971302"
    }, 
    {
        "date": "1579299521", 
        "tid": "14384527", 
        "price": "120485000", 
        "type": "sell", 
        "amount": "0.01037037"
    }, 
    {
        "date": "1579299482", 
        "tid": "14384526", 
        "price": "120485000", 
        "type": "sell", 
        "amount": "0.01036285"
    }, 
    {
        "date": "1579299471", 
        "tid": "14384525", 
        "price": "120485000", 
        "type": "sell", 
        "amount": "0.01151428"
    }
]