[
    {
        "date": "1579261853", 
        "tid": "14382859", 
        "price": "120700000", 
        "type": "sell", 
        "amount": "0.00199490"
    }, 
    {
        "date": "1579261853", 
        "tid": "14382858", 
        "price": "120708000", 
        "type": "sell", 
        "amount": "0.00834985"
    }, 
    {
        "date": "1579261853", 
        "tid": "14382857", 
        "price": "120709000", 
        "type": "sell", 
        "amount": "0.00173856"
    }, 
    {
        "date": "1579261853", 
        "tid": "14382856", 
        "price": "120718000", 
        "type": "sell", 
        "amount": "0.02691669"
    }, 
    {
        "date": "1579261853", 
        "tid": "14382855", 
        "price": "120720000", 
        "type": "sell", 
        "amount": "0.00100000"
    }, 
    {
        "date": "1579261852", 
        "tid": "14382854", 
        "price": "120826000", 
        "type": "buy", 
        "amount": "0.00825160"
    }, 
    {
        "date": "1579261845", 
        "tid": "14382853", 
        "price": "120828000", 
        "type": "buy", 
        "amount": "0.00042082"
    }, 
    {
        "date": "1579261845", 
        "tid": "14382852", 
        "price": "120718000", 
        "type": "sell", 
        "amount": "0.09000000"
    }, 
    {
        "date": "1579261827", 
        "tid": "14382851", 
        "price": "120718000", 
        "type": "sell", 
        "amount": "0.05379950"
    }, 
    {
        "date": "1579261827", 
        "tid": "14382850", 
        "price": "120719000", 
        "type": "sell", 
        "amount": "0.01620050"
    }, 
    {
        "date": "1579261763", 
        "tid": "14382849", 
        "price": "120854000", 
        "type": "buy", 
        "amount": "0.00309443"
    }, 
    {
        "date": "1579261763", 
        "tid": "14382848", 
        "price": "120791000", 
        "type": "buy", 
        "amount": "0.00477802"
    }, 
    {
        "date": "1579261763", 
        "tid": "14382847", 
        "price": "120790000", 
        "type": "buy", 
        "amount": "0.00057904"
    }, 
    {
        "date": "1579261722", 
        "tid": "14382846", 
        "price": "120790000", 
        "type": "buy", 
        "amount": "0.00042096"
    }, 
    {
        "date": "1579261706", 
        "tid": "14382845", 
        "price": "120791000", 
        "type": "buy", 
        "amount": "0.02535923"
    }, 
    {
        "date": "1579261692", 
        "tid": "14382844", 
        "price": "120718000", 
        "type": "sell", 
        "amount": "0.08000000"
    }, 
    {
        "date": "1579261673", 
        "tid": "14382843", 
        "price": "120856000", 
        "type": "sell", 
        "amount": "0.00042198"
    }, 
    {
        "date": "1579261636", 
        "tid": "14382842", 
        "price": "120718000", 
        "type": "sell", 
        "amount": "0.00083765"
    }, 
    {
        "date": "1579261633", 
        "tid": "14382841", 
        "price": "120718000", 
        "type": "sell", 
        "amount": "0.00209368"
    }, 
    {
        "date": "1579261628", 
        "tid": "14382840", 
        "price": "120718000", 
        "type": "sell", 
        "amount": "0.15559131"
    }, 
    {
        "date": "1579261628", 
        "tid": "14382839", 
        "price": "120719000", 
        "type": "sell", 
        "amount": "0.00110869"
    }, 
    {
        "date": "1579261560", 
        "tid": "14382838", 
        "price": "120718000", 
        "type": "sell", 
        "amount": "0.01660190"
    }, 
    {
        "date": "1579261543", 
        "tid": "14382837", 
        "price": "120857000", 
        "type": "buy", 
        "amount": "0.00055371"
    }, 
    {
        "date": "1579261540", 
        "tid": "14382836", 
        "price": "120857000", 
        "type": "buy", 
        "amount": "0.00055371"
    }, 
    {
        "date": "1579261528", 
        "tid": "14382835", 
        "price": "120718000", 
        "type": "sell", 
        "amount": "0.02976657"
    }, 
    {
        "date": "1579261528", 
        "tid": "14382834", 
        "price": "120720000", 
        "type": "sell", 
        "amount": "0.00061195"
    }, 
    {
        "date": "1579261528", 
        "tid": "14382833", 
        "price": "120759000", 
        "type": "sell", 
        "amount": "0.03825241"
    }, 
    {
        "date": "1579261528", 
        "tid": "14382832", 
        "price": "120765000", 
        "type": "sell", 
        "amount": "0.00082805"
    }, 
    {
        "date": "1579261528", 
        "tid": "14382831", 
        "price": "120778000", 
        "type": "sell", 
        "amount": "0.00050156"
    }, 
    {
        "date": "1579261528", 
        "tid": "14382830", 
        "price": "120800000", 
        "type": "sell", 
        "amount": "0.11003946"
    }, 
    {
        "date": "1579261527", 
        "tid": "14382829", 
        "price": "120800000", 
        "type": "sell", 
        "amount": "0.05000000"
    }, 
    {
        "date": "1579261525", 
        "tid": "14382828", 
        "price": "120800000", 
        "type": "sell", 
        "amount": "0.03000000"
    }, 
    {
        "date": "1579261514", 
        "tid": "14382827", 
        "price": "120858000", 
        "type": "buy", 
        "amount": "0.07836954"
    }, 
    {
        "date": "1579261502", 
        "tid": "14382826", 
        "price": "120800000", 
        "type": "sell", 
        "amount": "0.13000000"
    }, 
    {
        "date": "1579261492", 
        "tid": "14382825", 
        "price": "120858000", 
        "type": "buy", 
        "amount": "0.01945666"
    }, 
    {
        "date": "1579261480", 
        "tid": "14382824", 
        "price": "120800000", 
        "type": "sell", 
        "amount": "0.01394192"
    }, 
    {
        "date": "1579261480", 
        "tid": "14382823", 
        "price": "120801000", 
        "type": "sell", 
        "amount": "0.00389069"
    }, 
    {
        "date": "1579261479", 
        "tid": "14382822", 
        "price": "120803000", 
        "type": "sell", 
        "amount": "0.21216739"
    }, 
    {
        "date": "1579261477", 
        "tid": "14382821", 
        "price": "120803000", 
        "type": "sell", 
        "amount": "0.00743261"
    }, 
    {
        "date": "1579261477", 
        "tid": "14382820", 
        "price": "120804000", 
        "type": "sell", 
        "amount": "0.00645207"
    }, 
    {
        "date": "1579261441", 
        "tid": "14382819", 
        "price": "120804000", 
        "type": "sell", 
        "amount": "0.17683031"
    }, 
    {
        "date": "1579261434", 
        "tid": "14382818", 
        "price": "120804000", 
        "type": "sell", 
        "amount": "0.00174326"
    }, 
    {
        "date": "1579261434", 
        "tid": "14382817", 
        "price": "120885000", 
        "type": "sell", 
        "amount": "0.00057906"
    }, 
    {
        "date": "1579261434", 
        "tid": "14382816", 
        "price": "120958000", 
        "type": "sell", 
        "amount": "0.00204115"
    }, 
    {
        "date": "1579261427", 
        "tid": "14382815", 
        "price": "120958000", 
        "type": "sell", 
        "amount": "0.00003270"
    }, 
    {
        "date": "1579261427", 
        "tid": "14382814", 
        "price": "120959000", 
        "type": "sell", 
        "amount": "0.01169693"
    }, 
    {
        "date": "1579261354", 
        "tid": "14382813", 
        "price": "120959000", 
        "type": "sell", 
        "amount": "0.05857482"
    }, 
    {
        "date": "1579261354", 
        "tid": "14382812", 
        "price": "120960000", 
        "type": "sell", 
        "amount": "0.00267778"
    }, 
    {
        "date": "1579261354", 
        "tid": "14382811", 
        "price": "120965000", 
        "type": "sell", 
        "amount": "0.01444928"
    }, 
    {
        "date": "1579261323", 
        "tid": "14382810", 
        "price": "120976000", 
        "type": "buy", 
        "amount": "0.01123884"
    }, 
    {
        "date": "1579261192", 
        "tid": "14382809", 
        "price": "120965000", 
        "type": "sell", 
        "amount": "0.02311355"
    }, 
    {
        "date": "1579261178", 
        "tid": "14382808", 
        "price": "120976000", 
        "type": "buy", 
        "amount": "0.08241378"
    }, 
    {
        "date": "1579261175", 
        "tid": "14382807", 
        "price": "120976000", 
        "type": "buy", 
        "amount": "0.17039054"
    }, 
    {
        "date": "1579261175", 
        "tid": "14382806", 
        "price": "120975000", 
        "type": "buy", 
        "amount": "0.11231543"
    }, 
    {
        "date": "1579261175", 
        "tid": "14382805", 
        "price": "120969000", 
        "type": "buy", 
        "amount": "0.04952864"
    }, 
    {
        "date": "1579261150", 
        "tid": "14382804", 
        "price": "120969000", 
        "type": "buy", 
        "amount": "0.00258915"
    }, 
    {
        "date": "1579261139", 
        "tid": "14382803", 
        "price": "120965000", 
        "type": "sell", 
        "amount": "0.00158984"
    }, 
    {
        "date": "1579261133", 
        "tid": "14382802", 
        "price": "120967000", 
        "type": "sell", 
        "amount": "0.00474599"
    }, 
    {
        "date": "1579261037", 
        "tid": "14382801", 
        "price": "120965000", 
        "type": "sell", 
        "amount": "0.00048840"
    }, 
    {
        "date": "1579261015", 
        "tid": "14382800", 
        "price": "120965000", 
        "type": "sell", 
        "amount": "0.00756185"
    }, 
    {
        "date": "1579260888", 
        "tid": "14382799", 
        "price": "120965000", 
        "type": "sell", 
        "amount": "0.16491112"
    }, 
    {
        "date": "1579260888", 
        "tid": "14382798", 
        "price": "120968000", 
        "type": "sell", 
        "amount": "0.02456666"
    }, 
    {
        "date": "1579260879", 
        "tid": "14382797", 
        "price": "120976000", 
        "type": "buy", 
        "amount": "0.20626838"
    }, 
    {
        "date": "1579260843", 
        "tid": "14382796", 
        "price": "120968000", 
        "type": "sell", 
        "amount": "0.01676659"
    }, 
    {
        "date": "1579260843", 
        "tid": "14382795", 
        "price": "120970000", 
        "type": "sell", 
        "amount": "0.00078392"
    }, 
    {
        "date": "1579260770", 
        "tid": "14382794", 
        "price": "120976000", 
        "type": "buy", 
        "amount": "0.00363090"
    }, 
    {
        "date": "1579260740", 
        "tid": "14382793", 
        "price": "120965000", 
        "type": "sell", 
        "amount": "0.08087966"
    }, 
    {
        "date": "1579260735", 
        "tid": "14382792", 
        "price": "120976000", 
        "type": "buy", 
        "amount": "0.00041207"
    }, 
    {
        "date": "1579260730", 
        "tid": "14382791", 
        "price": "120965000", 
        "type": "sell", 
        "amount": "0.00089020"
    }, 
    {
        "date": "1579260724", 
        "tid": "14382790", 
        "price": "120965000", 
        "type": "sell", 
        "amount": "0.00350000"
    }, 
    {
        "date": "1579260719", 
        "tid": "14382789", 
        "price": "120976000", 
        "type": "buy", 
        "amount": "0.00121767"
    }, 
    {
        "date": "1579260699", 
        "tid": "14382788", 
        "price": "120965000", 
        "type": "sell", 
        "amount": "0.00180807"
    }, 
    {
        "date": "1579260699", 
        "tid": "14382787", 
        "price": "120975000", 
        "type": "sell", 
        "amount": "0.00027797"
    }, 
    {
        "date": "1579260658", 
        "tid": "14382786", 
        "price": "120975000", 
        "type": "sell", 
        "amount": "0.02000000"
    }, 
    {
        "date": "1579260625", 
        "tid": "14382785", 
        "price": "120975000", 
        "type": "sell", 
        "amount": "0.00219134"
    }, 
    {
        "date": "1579260592", 
        "tid": "14382784", 
        "price": "120976000", 
        "type": "buy", 
        "amount": "0.00413203"
    }, 
    {
        "date": "1579260591", 
        "tid": "14382783", 
        "price": "120976000", 
        "type": "buy", 
        "amount": "0.00922180"
    }, 
    {
        "date": "1579260576", 
        "tid": "14382782", 
        "price": "120976000", 
        "type": "buy", 
        "amount": "0.00412069"
    }, 
    {
        "date": "1579260538", 
        "tid": "14382781", 
        "price": "120976000", 
        "type": "buy", 
        "amount": "0.00042031"
    }, 
    {
        "date": "1579260532", 
        "tid": "14382780", 
        "price": "120976000", 
        "type": "buy", 
        "amount": "0.00081178"
    }, 
    {
        "date": "1579260507", 
        "tid": "14382779", 
        "price": "120976000", 
        "type": "buy", 
        "amount": "0.01764937"
    }, 
    {
        "date": "1579260492", 
        "tid": "14382778", 
        "price": "120976000", 
        "type": "buy", 
        "amount": "0.03088640"
    }, 
    {
        "date": "1579260465", 
        "tid": "14382777", 
        "price": "120976000", 
        "type": "buy", 
        "amount": "0.00128330"
    }, 
    {
        "date": "1579260458", 
        "tid": "14382776", 
        "price": "120976000", 
        "type": "buy", 
        "amount": "0.05883125"
    }, 
    {
        "date": "1579260426", 
        "tid": "14382775", 
        "price": "120976000", 
        "type": "buy", 
        "amount": "0.09063276"
    }, 
    {
        "date": "1579260421", 
        "tid": "14382774", 
        "price": "120959000", 
        "type": "sell", 
        "amount": "0.02211217"
    }, 
    {
        "date": "1579260421", 
        "tid": "14382773", 
        "price": "120961000", 
        "type": "sell", 
        "amount": "0.00192235"
    }, 
    {
        "date": "1579260400", 
        "tid": "14382772", 
        "price": "120976000", 
        "type": "buy", 
        "amount": "0.03382796"
    }, 
    {
        "date": "1579260387", 
        "tid": "14382771", 
        "price": "120959000", 
        "type": "sell", 
        "amount": "0.00629640"
    }, 
    {
        "date": "1579260385", 
        "tid": "14382770", 
        "price": "120976000", 
        "type": "buy", 
        "amount": "0.05883127"
    }, 
    {
        "date": "1579260362", 
        "tid": "14382769", 
        "price": "120976000", 
        "type": "buy", 
        "amount": "0.00320976"
    }, 
    {
        "date": "1579260356", 
        "tid": "14382768", 
        "price": "120959000", 
        "type": "sell", 
        "amount": "0.00195304"
    }, 
    {
        "date": "1579260356", 
        "tid": "14382767", 
        "price": "120976000", 
        "type": "sell", 
        "amount": "0.01265970"
    }, 
    {
        "date": "1579260255", 
        "tid": "14382766", 
        "price": "120959000", 
        "type": "sell", 
        "amount": "0.14000000"
    }, 
    {
        "date": "1579260196", 
        "tid": "14382765", 
        "price": "120977000", 
        "type": "buy", 
        "amount": "0.22480492"
    }, 
    {
        "date": "1579260196", 
        "tid": "14382764", 
        "price": "120976000", 
        "type": "buy", 
        "amount": "0.00474171"
    }, 
    {
        "date": "1579260196", 
        "tid": "14382763", 
        "price": "120975000", 
        "type": "buy", 
        "amount": "0.00282505"
    }, 
    {
        "date": "1579260196", 
        "tid": "14382762", 
        "price": "120974000", 
        "type": "buy", 
        "amount": "0.00217313"
    }, 
    {
        "date": "1579260196", 
        "tid": "14382761", 
        "price": "120973000", 
        "type": "buy", 
        "amount": "0.00152121"
    }, 
    {
        "date": "1579260196", 
        "tid": "14382760", 
        "price": "120972000", 
        "type": "buy", 
        "amount": "0.00086927"
    }, 
    {
        "date": "1579260196", 
        "tid": "14382759", 
        "price": "120960000", 
        "type": "buy", 
        "amount": "0.01178940"
    }, 
    {
        "date": "1579260112", 
        "tid": "14382758", 
        "price": "120960000", 
        "type": "buy", 
        "amount": "0.02060792"
    }, 
    {
        "date": "1579260105", 
        "tid": "14382757", 
        "price": "120959000", 
        "type": "sell", 
        "amount": "0.00100690"
    }, 
    {
        "date": "1579259985", 
        "tid": "14382756", 
        "price": "120960000", 
        "type": "buy", 
        "amount": "0.01895768"
    }, 
    {
        "date": "1579259976", 
        "tid": "14382755", 
        "price": "120959000", 
        "type": "sell", 
        "amount": "0.08257368"
    }, 
    {
        "date": "1579259972", 
        "tid": "14382754", 
        "price": "120959000", 
        "type": "sell", 
        "amount": "0.00129120"
    }, 
    {
        "date": "1579259934", 
        "tid": "14382753", 
        "price": "120960000", 
        "type": "buy", 
        "amount": "0.00050279"
    }, 
    {
        "date": "1579259879", 
        "tid": "14382752", 
        "price": "120959000", 
        "type": "sell", 
        "amount": "0.00357010"
    }, 
    {
        "date": "1579259866", 
        "tid": "14382751", 
        "price": "120960000", 
        "type": "buy", 
        "amount": "0.03296988"
    }, 
    {
        "date": "1579259841", 
        "tid": "14382750", 
        "price": "120959000", 
        "type": "sell", 
        "amount": "0.00118564"
    }, 
    {
        "date": "1579259832", 
        "tid": "14382749", 
        "price": "120959000", 
        "type": "sell", 
        "amount": "0.00142107"
    }, 
    {
        "date": "1579259801", 
        "tid": "14382748", 
        "price": "120959000", 
        "type": "sell", 
        "amount": "0.00083175"
    }, 
    {
        "date": "1579259782", 
        "tid": "14382747", 
        "price": "120959000", 
        "type": "sell", 
        "amount": "0.06099942"
    }, 
    {
        "date": "1579259782", 
        "tid": "14382746", 
        "price": "120962000", 
        "type": "sell", 
        "amount": "0.00303059"
    }, 
    {
        "date": "1579259782", 
        "tid": "14382745", 
        "price": "120963000", 
        "type": "sell", 
        "amount": "0.00177417"
    }, 
    {
        "date": "1579259751", 
        "tid": "14382744", 
        "price": "120963000", 
        "type": "sell", 
        "amount": "0.00822458"
    }, 
    {
        "date": "1579259599", 
        "tid": "14382743", 
        "price": "120977000", 
        "type": "buy", 
        "amount": "0.00028455"
    }, 
    {
        "date": "1579259599", 
        "tid": "14382742", 
        "price": "120976000", 
        "type": "buy", 
        "amount": "0.00086924"
    }, 
    {
        "date": "1579259586", 
        "tid": "14382741", 
        "price": "120962000", 
        "type": "sell", 
        "amount": "0.00100000"
    }, 
    {
        "date": "1579259552", 
        "tid": "14382740", 
        "price": "120977000", 
        "type": "buy", 
        "amount": "0.10979900"
    }, 
    {
        "date": "1579259552", 
        "tid": "14382739", 
        "price": "120976000", 
        "type": "buy", 
        "amount": "0.08311396"
    }, 
    {
        "date": "1579259552", 
        "tid": "14382738", 
        "price": "120974000", 
        "type": "buy", 
        "amount": "0.00132604"
    }, 
    {
        "date": "1579259552", 
        "tid": "14382737", 
        "price": "120970000", 
        "type": "buy", 
        "amount": "0.00766866"
    }, 
    {
        "date": "1579259552", 
        "tid": "14382736", 
        "price": "120968000", 
        "type": "buy", 
        "amount": "0.00080103"
    }, 
    {
        "date": "1579259552", 
        "tid": "14382735", 
        "price": "120966000", 
        "type": "buy", 
        "amount": "0.00227372"
    }, 
    {
        "date": "1579259552", 
        "tid": "14382734", 
        "price": "120965000", 
        "type": "buy", 
        "amount": "0.03516712"
    }, 
    {
        "date": "1579259506", 
        "tid": "14382733", 
        "price": "120965000", 
        "type": "buy", 
        "amount": "0.00041211"
    }, 
    {
        "date": "1579259476", 
        "tid": "14382732", 
        "price": "120962000", 
        "type": "sell", 
        "amount": "0.00086200"
    }, 
    {
        "date": "1579259463", 
        "tid": "14382731", 
        "price": "120959000", 
        "type": "sell", 
        "amount": "0.00045000"
    }, 
    {
        "date": "1579259461", 
        "tid": "14382730", 
        "price": "120959000", 
        "type": "sell", 
        "amount": "0.00244770"
    }, 
    {
        "date": "1579259451", 
        "tid": "14382729", 
        "price": "120962000", 
        "type": "buy", 
        "amount": "0.03632855"
    }, 
    {
        "date": "1579259451", 
        "tid": "14382728", 
        "price": "120960000", 
        "type": "buy", 
        "amount": "0.00412476"
    }, 
    {
        "date": "1579259451", 
        "tid": "14382727", 
        "price": "120779000", 
        "type": "buy", 
        "amount": "0.00075958"
    }, 
    {
        "date": "1579259409", 
        "tid": "14382726", 
        "price": "120778000", 
        "type": "sell", 
        "amount": "0.00091593"
    }, 
    {
        "date": "1579259405", 
        "tid": "14382725", 
        "price": "120779000", 
        "type": "buy", 
        "amount": "0.00247644"
    }, 
    {
        "date": "1579259312", 
        "tid": "14382724", 
        "price": "120779000", 
        "type": "buy", 
        "amount": "0.00103185"
    }, 
    {
        "date": "1579259282", 
        "tid": "14382723", 
        "price": "120768000", 
        "type": "buy", 
        "amount": "0.01494498"
    }, 
    {
        "date": "1579259222", 
        "tid": "14382722", 
        "price": "120767000", 
        "type": "sell", 
        "amount": "0.00074940"
    }, 
    {
        "date": "1579259149", 
        "tid": "14382721", 
        "price": "120765000", 
        "type": "sell", 
        "amount": "0.00958610"
    }, 
    {
        "date": "1579259109", 
        "tid": "14382720", 
        "price": "120765000", 
        "type": "sell", 
        "amount": "0.02189952"
    }, 
    {
        "date": "1579259109", 
        "tid": "14382719", 
        "price": "120766000", 
        "type": "sell", 
        "amount": "0.00433646"
    }, 
    {
        "date": "1579259109", 
        "tid": "14382718", 
        "price": "120767000", 
        "type": "sell", 
        "amount": "0.00303549"
    }, 
    {
        "date": "1579259109", 
        "tid": "14382717", 
        "price": "120768000", 
        "type": "sell", 
        "amount": "0.00173455"
    }, 
    {
        "date": "1579259109", 
        "tid": "14382716", 
        "price": "120770000", 
        "type": "sell", 
        "amount": "0.00206177"
    }, 
    {
        "date": "1579259109", 
        "tid": "14382715", 
        "price": "120778000", 
        "type": "sell", 
        "amount": "0.00168046"
    }, 
    {
        "date": "1579258919", 
        "tid": "14382714", 
        "price": "120779000", 
        "type": "sell", 
        "amount": "0.03514330"
    }, 
    {
        "date": "1579258909", 
        "tid": "14382713", 
        "price": "120779000", 
        "type": "sell", 
        "amount": "0.04281201"
    }, 
    {
        "date": "1579258909", 
        "tid": "14382712", 
        "price": "120784000", 
        "type": "sell", 
        "amount": "0.00973621"
    }, 
    {
        "date": "1579258891", 
        "tid": "14382711", 
        "price": "120780000", 
        "type": "buy", 
        "amount": "0.00950885"
    }, 
    {
        "date": "1579258826", 
        "tid": "14382710", 
        "price": "120780000", 
        "type": "buy", 
        "amount": "0.00074239"
    }
]